3190 5202
458 528 480 591 2
712 543 848 589 nocem
872 543 919 589 nn
942 543 1150 591 wnunovnn

298 729 422 772 annon.
461 699 584 781 positis
611 709 647 763 et
668 685 832 775 castellis,
862 700 1079 782 propriisque
1106 700 1272 762 ministris
1301 701 1410 782 impo-

462 801 551 875 sitis,
584 799 628 862 ad
662 799 912 862 Normanniam
951 819 1029 861 cum
1061 799 1237 862 obsidibus
1270 797 1409 879 Angliae

464 906 499 961 et
535 897 706 961 thesauris
738 899 926 960 innumeris
958 897 1164 978 navigavit3
1202 897 1326 979 quibus
1357 899 1410 960 in-

463 998 649 1061 carceratis
678 1004 713 1060 et
740 998 804 1059 sub
834 997 933 1059 salva
963 997 1121 1060 custodia
1150 996 1338 1078 deputatis,
1365 995 1410 1058 ad

463 1093 628 1176 Angliam
651 1095 764 1158 denuo
795 1096 1007 1176 properavit,
1032 1095 1092 1157 ubi
1121 1094 1412 1159 commilitonibus

466 1193 692 1270 Normannis,
721 1193 781 1274 qui
809 1195 845 1256 in
876 1194 968 1256 bello
998 1193 1229 1275 Hastingensi
1262 1194 1411 1275 patriam

465 1311 582 1356 secum
607 1293 892 1376 subjugaverant,
917 1299 1028 1354 terras
1055 1290 1249 1373 Anglorum
1273 1299 1308 1354 et
1331 1311 1412 1374 pos·

466 1392 649 1466 sessiones,
694 1392 779 1473 ipsis
819 1391 986 1474 expulsis
1022 1409 1127 1453 manu
1154 1392 1330 1454 distribuit
1361 1390 1413 1453 af·

466 1489 609 1568 fluenti3
638 1497 673 1552 et
704 1490 876 1552 modicum
902 1490 1000 1566 illud,
1032 1490 1124 1571 quod
1157 1492 1207 1552 eis
1239 1509 1413 1553 remanse-

313 1604 431 1684 „3:²⁰0”
467 1595 534 1665 rat,
562 1590 627 1651 sub
647 1588 736 1671 jugo
757 1589 874 1669 posuit
899 1596 1076 1670 perpetuae
1098 1589 1287 1652 servitutis,
1340 1587 1412 1651 Un-

304 1705 359 1734 001111
395 1721 401 1733 ·
468 1688 511 1750 de
530 1687 715 1750 nobiliores
734 1686 776 1749 de
799 1707 906 1767 regno
926 1688 1110 1767 indignati,
1133 1688 1272 1768 quidam
1295 1687 1339 1750 ad
1362 1706 1415 1749 re-

469 1805 546 1866 gem
572 1786 753 1849 Scotorum
780 1785 1004 1848 Malcolmum
1027 1786 1267 1866 confugerunt,
1287 1786 1414 1865 aliique

468 1884 545 1946 loca
562 1885 699 1947 deserta
719 1891 754 1947 et
771 1903 952 1948 nemorosa
974 1891 1143 1964 petentes,
1160 1885 1275 1965 ibique
1290 1885 1349 1946 diu
1365 1884 1414 1946 fe·

470 1983 576 2046 ralem
599 1984 764 2046 ducentes
789 1984 909 2058 vitam,
936 1982 1147 2045 Normannis
1178 2003 1271 2065 saepe
1300 1983 1415 2045 infesti

469 2081 619 2144 fuerunt.
672 2081 904 2144 Rccesserunt
936 2082 980 2143 ab
1010 2079 1141 2162 Anglia
1169 2083 1312 2145 comites
1346 2081 1413 2143 Ed-

461 2181 580 2243 ·winus
598 2187 633 2244 et
647 2180 851 2242 Mercardus
866 2180 1004 2255 fratres
1027 2180 1229 2243 Mercherus
1250 2188 1285 2243 et
1304 2175 1416 2243 ¹Wel-

470 2278 608 2341 tbeofus
636 2277 780 2353 nobileS,
808 2296 885 2340 cum
910 2278 1093 2360 episcopis,
1123 2279 1255 2342 clericis
1282 2286 1317 2341 et
1339 2279 1416 2340 aliis

471 2377 601 2452 multiS,
628 2395 717 2457 quos
742 2376 883 2455 longum
906 2386 958 2438 est
980 2378 1174 2459 exprimere
1201 2377 1415 2452 nominatim,

472 2476 533 2556 qui
550 2494 668 2538 omnes
686 2474 729 2537 ad
746 2487 862 2554 regem
886 2474 1068 2538 Scotorum
1086 2475 1310 2539 Malcolmum
1325 2475 1417 2555 fugi-

472 2579 569 2636 entes
599 2575 643 2638 ab
673 2573 749 2654 ipso
783 2572 970 2636 honorilice
1001 2580 1085 2637 sunt
1113 2576 1254 2654 recepti.
1316 2573 1415 2637 Tunc

473 2673 599 2736 etenim
626 2672 808 2752 Eadgarus
831 2672 1005 2753 Etheling,
1030 2673 1072 2734 de
1098 2692 1205 2753 regno
1221 2671 1416 2753 Anglorum

466 2770 582 2834 'haeres
598 2771 784 2851 legitimus,
799 2790 942 2833 cernens
964 2790 1019 2852 res
1036 2772 1159 2854 patriae
1175 2773 1326 2852 undique
1339 2790 1418 2852 per-

472 2870 616 2945 turbari,
636 2887 781 2932 ascensa
795 2870 888 2944 navi,
905 2889 982 2932 cum
1000 2868 1143 2950 Agatha
1164 2878 1274 2932 matre
1296 2889 1361 2932 sua
1383 2877 1419 2932 et

471 2968 648 3031 sororibus
665 2967 868 3048 Margareta
878 2975 913 3030 et
931 2967 1118 3045 Christina,
1132 2969 1168 3031 in
1184 2968 1417 3048 Hungariam‚

474 3067 534 3130 ubi
550 3073 653 3129 natus
667 3066 792 3141 suerat,
810 3068 1001 3130 conabatur
1018 3069 1164 3145 reverti3
1178 3067 1250 3144 sed,
1269 3074 1418 3149 tempes-

472 3172 546 3228 tate
560 3166 714 3240 suborta,
732 3165 928 3245 compulsus
945 3166 1048 3228 estin
1065 3166 1216 3229 Scotiam
1232 3166 1419 3247 applicare.

475 3262 555 3326 Hac
578 3283 715 3344 quoquc
741 3265 920 3326 occasione
943 3270 1059 3325 actum
1079 3271 1144 3339 est,
1160 3272 1199 3327 ut
1216 3265 1418 3344 Margareta

473 3362 547 3442 regi
565 3361 752 3424 Malcolmo
768 3369 877 3443 nupta
892 3361 1097 3438 traderetur,
1112 3364 1211 3445 cujus
1220 3363 1326 3426 vitam
1343 3363 1419 3425 lau-

473 3460 623 3522 dabilem
650 3466 685 3521 et
711 3469 855 3539 mortem
880 3460 1066 3540 pretiosam
1091 3461 1178 3523 liber
1201 3462 1280 3523 inde
1305 3461 1418 3523 editus

474 3558 628 3620 insinuat
653 3559 852 3636 evidenter3
879 3578 977 3621 soror
1003 3565 1118 3621 autem
1146 3560 1222 3642 ejus
1242 3558 1420 3622 Christina

475 3655 746 3719 sanctimonialis
767 3656 991 3732 benedicitur,
1009 3665 1045 3719 et
1062 3657 1191 3720 caelesti
1205 3658 1341 3738 Sponso
1364 3676 1419 3720 co-

474 3755 625 3836 pulatur.
678 3753 765 3820 Nati
786 3763 868 3817 sunt
889 3755 1036 3836 denique
1060 3756 1190 3835 reginae
1209 3755 1420 3836 Margaretae

474 3872 538 3917 sex
556 3854 617 3918 filii
635 3861 669 3916 et
686 3855 763 3916 duae
782 3852 874 3928 filiae,
890 3872 1035 3933 quorum
1053 3859 1136 3929 tres,
1155 3853 1337 3934 Eadgarus
1352 3855 1419 3916 sci·

473 3951 566 4028 licet,
583 3951 784 4016 Alexander
803 3958 840 4018 et,
853 3947 981 4027 David,
1001 3951 1108 4034 juxta
1125 3954 1260 4033 generis
1282 3953 1337 4015 sui
1360 3973 1419 4015 noa

473 4050 643 4113 bilitatem
671 4068 770 4129 reges
799 4049 950 4125 suerunt,
974 4052 1166 4132 exquibus
1198 4070 1319 4132 regum
1343 4049 1419 4114 An-

511 4259 518 4296 ¹
534 4263 702 4326 Waltbeffua]
710 4245 747 4324 or,
758 4278 787 4312 as
797 4264 829 4314 be
840 4265 863 4314 is
874 4265 957 4315 cussed
964 4265 990 4313 in
998 4266 1041 4313 the
1049 4266 1194 4326 Domesday
1203 4267 1286 4329 Book,
1293 4267 1301 4295 ‘
1309 4267 1421 4318 Wallefss
