<?xml version="1.0" encoding="UTF-8"?>
<!DOCTYPE html PUBLIC "-//W3C//DTD XHTML 1.0 Transitional//EN"
    "http://www.w3.org/TR/xhtml1/DTD/xhtml1-transitional.dtd">
<html xmlns="http://www.w3.org/1999/xhtml" xml:lang="en" lang="en">
 <head>
  <title>
</title>
<meta http-equiv="Content-Type" content="text/html;charset=utf-8" />
  <meta name='ocr-system' content='tesseract 3.04.00' />
  <meta name='ocr-capabilities' content='ocr_page ocr_carea ocr_par ocr_line ocrx_word'/>
</head>
<body>
  <div class='ocr_page' id='page_1' title='image "./rogeridewendove07rogegoog_0361.png"; bbox 0 0 3178 5194; ppageno 0'>
   <div class='ocr_carea' id='block_1_1' title="bbox 495 549 1194 614">
    <p class='ocr_par' dir='ltr' id='par_1_1' title="bbox 495 549 1194 614">
     <span class='ocr_line' id='line_1_1' title="bbox 495 549 1194 614; baseline -0.006 0"><span class='ocrx_word' id='word_1_1' title='bbox 495 549 562 614; x_wconf 80' lang='lat'><strong>354</strong></span> <span class='ocrx_word' id='word_1_2' title='bbox 757 565 892 612; x_wconf 80' lang='lat' dir='ltr'><strong>nocem</strong></span> <span class='ocrx_word' id='word_1_3' title='bbox 916 564 963 612; x_wconf 88' lang='lat' dir='ltr'><strong>on</strong></span> <span class='ocrx_word' id='word_1_4' title='bbox 985 563 1194 612; x_wconf 77' lang='lat' dir='ltr'><strong>wunnovnn</strong></span> 
     </span>
    </p>
   </div>
   <div class='ocr_carea' id='block_1_2' title="bbox 335 719 1449 904">
    <p class='ocr_par' dir='ltr' id='par_1_2' title="bbox 335 719 1449 904">
     <span class='ocr_line' id='line_1_2' title="bbox 335 719 1449 809; baseline -0.005 -20"><span class='ocrx_word' id='word_1_5' title='bbox 335 747 392 789; x_wconf 71' lang='lat' dir='ltr'><strong>nn.</strong></span> <span class='ocrx_word' id='word_1_6' title='bbox 403 747 459 789; x_wconf 81' lang='lat' dir='ltr'><strong>aa.</strong></span> <span class='ocrx_word' id='word_1_7' title='bbox 497 724 622 788; x_wconf 89' lang='lat' dir='ltr'><strong>hannis</strong></span> <span class='ocrx_word' id='word_1_8' title='bbox 634 723 820 808; x_wconf 75' lang='lat' dir='ltr'><strong>Baptistae,</strong></span> <span class='ocrx_word' id='word_1_9' title='bbox 831 722 931 809; x_wconf 88' lang='lat' dir='ltr'><strong>cujus</strong></span> <span class='ocrx_word' id='word_1_10' title='bbox 946 722 1167 806; x_wconf 86' lang='lat' dir='ltr'><strong>sepulchrum</strong></span> <span class='ocrx_word' id='word_1_11' title='bbox 1182 739 1292 802; x_wconf 89' lang='lat' dir='ltr'><strong>usque</strong></span> <span class='ocrx_word' id='word_1_12' title='bbox 1308 719 1344 783; x_wconf 93' lang='lat' dir='ltr'><strong>iu</strong></span> <span class='ocrx_word' id='word_1_13' title='bbox 1357 719 1449 784; x_wconf 89' lang='lat' dir='ltr'><strong>diem</strong></span> 
     </span>
     <span class='ocr_line' id='line_1_3' title="bbox 336 798 1289 904; baseline -0.005 -17"><span class='ocrx_word' id='word_1_14' title='bbox 336 798 451 888; x_wconf 56' lang='lat' dir='ltr'><strong>iiiia.</strong></span> <span class='ocrx_word' id='word_1_15' title='bbox 498 823 702 888; x_wconf 90' lang='lat' dir='ltr'><strong>hodiernum</strong></span> <span class='ocrx_word' id='word_1_16' title='bbox 719 831 881 889; x_wconf 83' lang='lat' dir='ltr'><strong>coruscat</strong></span> <span class='ocrx_word' id='word_1_17' title='bbox 897 823 1070 887; x_wconf 83' lang='lat' dir='ltr'><strong>miraculis</strong></span> <span class='ocrx_word' id='word_1_18' title='bbox 1088 821 1289 904; x_wconf 88' lang='lat' dir='ltr'><strong>gloriosum.</strong></span> 
     </span>
    </p>
   </div>
   <div class='ocr_carea' id='block_1_3' title="bbox 650 1009 1298 1098">
    <p class='ocr_par' dir='ltr' id='par_1_3' title="bbox 650 1009 1298 1098">
     <span class='ocr_line' id='line_1_4' title="bbox 650 1009 1298 1098; baseline -0.005 -22"><span class='ocrx_word' id='word_1_19' title='bbox 650 1013 700 1078; x_wconf 82' lang='lat' dir='ltr'><strong>De</strong></span> <span class='ocrx_word' id='word_1_20' title='bbox 715 1012 907 1078; x_wconf 64' lang='lat' dir='ltr'><strong>coruscatione</strong></span> <span class='ocrx_word' id='word_1_21' title='bbox 924 1012 1004 1098; x_wconf 75' lang='lat' dir='ltr'><strong>repis</strong></span> <span class='ocrx_word' id='word_1_22' title='bbox 1020 1009 1298 1095; x_wconf 81' lang='lat' dir='ltr'><strong>Honrioijaooois.</strong></span> 
     </span>
    </p>
   </div>
   <div class='ocr_carea' id='block_1_4' title="bbox 334 1133 1451 3496">
    <p class='ocr_par' dir='ltr' id='par_1_4' title="bbox 334 1133 1451 3496">
     <span class='ocr_line' id='line_1_5' title="bbox 334 1133 1448 1232; baseline -0.001 -33"><span class='ocrx_word' id='word_1_23' title='bbox 334 1142 462 1232; x_wconf 51' lang='lat' dir='ltr'><strong>Simu</strong></span> <span class='ocrx_word' id='word_1_24' title='bbox 551 1133 682 1200; x_wconf 85' lang='lat' dir='ltr'><strong>Eodem</strong></span> <span class='ocrx_word' id='word_1_25' title='bbox 702 1143 869 1217; x_wconf 89' lang='lat' dir='ltr'><strong>tempore,</strong></span> <span class='ocrx_word' id='word_1_26' title='bbox 888 1135 923 1199; x_wconf 93' lang='lat' dir='ltr'><strong>id</strong></span> <span class='ocrx_word' id='word_1_27' title='bbox 947 1141 1001 1199; x_wconf 88' lang='lat' dir='ltr'><strong>cst</strong></span> <span class='ocrx_word' id='word_1_28' title='bbox 1023 1153 1113 1198; x_wconf 89' lang='lat' dir='ltr'><strong>anno</strong></span> <span class='ocrx_word' id='word_1_29' title='bbox 1136 1133 1279 1198; x_wconf 88' lang='lat' dir='ltr'>Domini</span> <span class='ocrx_word' id='word_1_30' title='bbox 1302 1149 1448 1198; x_wconf 72' lang='lat' dir='ltr'><strong>mccxx.</strong></span> 
     </span>
     <span class='ocr_line' id='line_1_6' title="bbox 337 1232 1451 1314; baseline -0.003 -15"><span class='ocrx_word' id='word_1_31' title='bbox 337 1242 418 1293; x_wconf 67' lang='lat' dir='ltr'><strong>Hau·</strong></span> <span class='ocrx_word' id='word_1_32' title='bbox 500 1234 613 1300; x_wconf 86' lang='lat' dir='ltr'><strong>idibus</strong></span> <span class='ocrx_word' id='word_1_33' title='bbox 624 1236 648 1300; x_wconf 87' lang='lat' dir='ltr'>J</span> <span class='ocrx_word' id='word_1_34' title='bbox 650 1235 724 1313; x_wconf 93' lang='lat' dir='ltr'><strong>ulii,</strong></span> <span class='ocrx_word' id='word_1_35' title='bbox 738 1241 973 1299; x_wconf 87' lang='lat' dir='ltr'><strong>convenerunt</strong></span> <span class='ocrx_word' id='word_1_36' title='bbox 990 1233 1033 1297; x_wconf 92' lang='lat' dir='ltr'><strong>ad</strong></span> <span class='ocrx_word' id='word_1_37' title='bbox 1051 1234 1251 1297; x_wconf 89' lang='lat' dir='ltr'><strong>mandatum</strong></span> <span class='ocrx_word' id='word_1_38' title='bbox 1266 1232 1357 1314; x_wconf 88' lang='lat' dir='ltr'><strong>regis</strong></span> <span class='ocrx_word' id='word_1_39' title='bbox 1373 1232 1451 1297; x_wconf 88' lang='lat' dir='ltr'><strong>An-</strong></span> 
     </span>
     <span class='ocr_line' id='line_1_7' title="bbox 499 1332 1450 1416; baseline 0 -19"><span class='ocrx_word' id='word_1_40' title='bbox 499 1334 634 1416; x_wconf 90' lang='lat' dir='ltr'><strong>glorum</strong></span> <span class='ocrx_word' id='word_1_41' title='bbox 661 1333 807 1398; x_wconf 91' lang='lat' dir='ltr'><strong>Henrici</strong></span> <span class='ocrx_word' id='word_1_42' title='bbox 837 1333 929 1416; x_wconf 91' lang='lat' dir='ltr'><strong>apud</strong></span> <span class='ocrx_word' id='word_1_43' title='bbox 951 1332 1298 1397; x_wconf 81' lang='lat' dir='ltr'><strong>westmonasterium</strong></span> <span class='ocrx_word' id='word_1_44' title='bbox 1330 1332 1450 1414; x_wconf 87' lang='lat' dir='ltr'><strong>Roge-</strong></span> 
     </span>
     <span class='ocr_line' id='line_1_8' title="bbox 499 1432 1450 1514; baseline -0.001 -18"><span class='ocrx_word' id='word_1_45' title='bbox 499 1453 571 1511; x_wconf 88' lang='lat' dir='ltr'><strong>rus,</strong></span> <span class='ocrx_word' id='word_1_46' title='bbox 588 1433 817 1498; x_wconf 87' lang='lat' dir='ltr'><strong>Eboraceusis</strong></span> <span class='ocrx_word' id='word_1_47' title='bbox 835 1432 1123 1514; x_wconf 86' lang='lat' dir='ltr'><strong>archiepiscopus,</strong></span> <span class='ocrx_word' id='word_1_48' title='bbox 1140 1438 1176 1495; x_wconf 90' lang='lat' dir='ltr'><strong>et</strong></span> <span class='ocrx_word' id='word_1_49' title='bbox 1190 1449 1309 1495; x_wconf 88' lang='lat' dir='ltr'><strong>omncs</strong></span> <span class='ocrx_word' id='word_1_50' title='bbox 1327 1432 1450 1495; x_wconf 88' lang='lat' dir='ltr'><strong>suffra-</strong></span> 
     </span>
     <span class='ocr_line' id='line_1_9' title="bbox 499 1524 1449 1614; baseline -0.002 -18"><span class='ocrx_word' id='word_1_51' title='bbox 499 1533 602 1612; x_wconf 87' lang='lat' dir='ltr'><strong>ganci</strong></span> <span class='ocrx_word' id='word_1_52' title='bbox 623 1533 884 1596; x_wconf 86' lang='lat' dir='ltr'><strong>Cantuariensis</strong></span> <span class='ocrx_word' id='word_1_53' title='bbox 906 1531 1062 1596; x_wconf 86' lang='lat' dir='ltr'><strong>ecclesiae</strong></span> <span class='ocrx_word' id='word_1_54' title='bbox 1083 1530 1248 1614; x_wconf 87' lang='lat' dir='ltr'><strong>episcopi,</strong></span> <span class='ocrx_word' id='word_1_55' title='bbox 1268 1530 1312 1595; x_wconf 91' lang='lat' dir='ltr'><strong>ad</strong></span> <span class='ocrx_word' id='word_1_56' title='bbox 1334 1524 1449 1595; x_wconf 91' lang='lat' dir='ltr'><strong>¹coro·</strong></span> 
     </span>
     <span class='ocr_line' id='line_1_10' title="bbox 499 1628 1447 1713; baseline 0.001 -21"><span class='ocrx_word' id='word_1_57' title='bbox 499 1631 674 1694; x_wconf 89' lang='lat' dir='ltr'><strong>nationem</strong></span> <span class='ocrx_word' id='word_1_58' title='bbox 695 1630 840 1695; x_wconf 88' lang='lat' dir='ltr'><strong>Henrici</strong></span> <span class='ocrx_word' id='word_1_59' title='bbox 859 1630 921 1696; x_wconf 86' lang='lat' dir='ltr'><strong>filii</strong></span> <span class='ocrx_word' id='word_1_60' title='bbox 939 1630 1030 1712; x_wconf 90' lang='lat' dir='ltr'><strong>regis</strong></span> <span class='ocrx_word' id='word_1_61' title='bbox 1049 1628 1281 1712; x_wconf 83' lang='lat' dir='ltr'><strong>primogeniti,</strong></span> <span class='ocrx_word' id='word_1_62' title='bbox 1298 1630 1369 1711; x_wconf 92' lang='lat' dir='ltr'><strong>qui,</strong></span> <span class='ocrx_word' id='word_1_63' title='bbox 1385 1650 1447 1713; x_wconf 90' lang='lat' dir='ltr'><strong>pa·</strong></span> 
     </span>
     <span class='ocr_line' id='line_1_11' title="bbox 499 1727 1448 1812; baseline 0 -20"><span class='ocrx_word' id='word_1_64' title='bbox 499 1736 552 1792; x_wconf 90' lang='lat' dir='ltr'><strong>tre</strong></span> <span class='ocrx_word' id='word_1_65' title='bbox 572 1727 726 1812; x_wconf 89' lang='lat' dir='ltr'><strong>jubente,</strong></span> <span class='ocrx_word' id='word_1_66' title='bbox 747 1736 935 1795; x_wconf 90' lang='lat' dir='ltr'><strong>coronatus</strong></span> <span class='ocrx_word' id='word_1_67' title='bbox 957 1735 1012 1793; x_wconf 88' lang='lat' dir='ltr'><strong>est</strong></span> <span class='ocrx_word' id='word_1_68' title='bbox 1030 1728 1229 1792; x_wconf 89' lang='lat' dir='ltr'><strong>solemniter</strong></span> <span class='ocrx_word' id='word_1_69' title='bbox 1250 1746 1272 1791; x_wconf 91' lang='lat' dir='ltr'><strong>a</strong></span> <span class='ocrx_word' id='word_1_70' title='bbox 1294 1728 1448 1810; x_wconf 87' lang='lat' dir='ltr'><strong>Rogero,</strong></span> 
     </span>
     <span class='ocr_line' id='line_1_12' title="bbox 499 1826 1449 1911; baseline 0 -20"><span class='ocrx_word' id='word_1_71' title='bbox 499 1827 711 1893; x_wconf 87' lang='lat' dir='ltr'><strong>Eboracensi</strong></span> <span class='ocrx_word' id='word_1_72' title='bbox 734 1828 1006 1911; x_wconf 85' lang='lat' dir='ltr'><strong>archiepiscopo,</strong></span> <span class='ocrx_word' id='word_1_73' title='bbox 1027 1833 1153 1909; x_wconf 88' lang='lat' dir='ltr'><strong>quarto</strong></span> <span class='ocrx_word' id='word_1_74' title='bbox 1174 1827 1306 1891; x_wconf 91' lang='lat' dir='ltr'><strong>decimo</strong></span> <span class='ocrx_word' id='word_1_75' title='bbox 1330 1826 1449 1892; x_wconf 88' lang='lat' dir='ltr'><strong>kalen-</strong></span> 
     </span>
     <span class='ocr_line' id='line_1_13' title="bbox 498 1921 1446 2010; baseline 0 -20"><span class='ocrx_word' id='word_1_76' title='bbox 498 1927 561 1991; x_wconf 85' lang='lat' dir='ltr'><strong>das</strong></span> <span class='ocrx_word' id='word_1_77' title='bbox 576 1927 599 1991; x_wconf 89' lang='lat' dir='ltr'>J</span> <span class='ocrx_word' id='word_1_78' title='bbox 602 1927 676 2005; x_wconf 89' lang='lat' dir='ltr'><strong>ulii,</strong></span> <span class='ocrx_word' id='word_1_79' title='bbox 690 1933 811 1991; x_wconf 88' lang='lat' dir='ltr'><strong>contra</strong></span> <span class='ocrx_word' id='word_1_80' title='bbox 821 1921 1102 2010; x_wconf 86' lang='lat' dir='ltr'><strong>²prohibitionem</strong></span> <span class='ocrx_word' id='word_1_81' title='bbox 1117 1927 1246 1990; x_wconf 89' lang='lat' dir='ltr'><strong>domiui</strong></span> <span class='ocrx_word' id='word_1_82' title='bbox 1260 1946 1371 2009; x_wconf 85' lang='lat' dir='ltr'><strong>papae,</strong></span> <span class='ocrx_word' id='word_1_83' title='bbox 1386 1929 1446 2009; x_wconf 92' lang='lat' dir='ltr'><strong>qui</strong></span> 
     </span>
     <span class='ocr_line' id='line_1_14' title="bbox 498 2025 1448 2109; baseline -0.002 -19"><span class='ocrx_word' id='word_1_84' title='bbox 498 2025 618 2091; x_wconf 88' lang='lat' dir='ltr'><strong>literas</strong></span> <span class='ocrx_word' id='word_1_85' title='bbox 638 2026 707 2109; x_wconf 93' lang='lat' dir='ltr'><strong>ipsi</strong></span> <span class='ocrx_word' id='word_1_86' title='bbox 728 2027 986 2109; x_wconf 88' lang='lat' dir='ltr'><strong>archiepiscopo</strong></span> <span class='ocrx_word' id='word_1_87' title='bbox 1004 2033 1039 2090; x_wconf 87' lang='lat' dir='ltr'><strong>et</strong></span> <span class='ocrx_word' id='word_1_88' title='bbox 1055 2026 1134 2089; x_wconf 86' lang='lat' dir='ltr'><strong>aliis</strong></span> <span class='ocrx_word' id='word_1_89' title='bbox 1156 2026 1326 2109; x_wconf 87' lang='lat' dir='ltr'><strong>episcopis</strong></span> <span class='ocrx_word' id='word_1_90' title='bbox 1349 2027 1448 2107; x_wconf 87' lang='lat' dir='ltr'><strong>regni</strong></span> 
     </span>
     <span class='ocr_line' id='line_1_15' title="bbox 498 2125 1447 2205; baseline 0.001 -17"><span class='ocrx_word' id='word_1_91' title='bbox 498 2125 535 2188; x_wconf 93' lang='lat' dir='ltr'><strong>in</strong></span> <span class='ocrx_word' id='word_1_92' title='bbox 548 2125 624 2190; x_wconf 83' lang='lat' dir='ltr'><strong>haec</strong></span> <span class='ocrx_word' id='word_1_93' title='bbox 639 2126 745 2190; x_wconf 88' lang='lat' dir='ltr'><strong>verba</strong></span> <span class='ocrx_word' id='word_1_94' title='bbox 756 2125 900 2205; x_wconf 87' lang='lat' dir='ltr'><strong>direxit;</strong></span> <span class='ocrx_word' id='word_1_95' title='bbox 918 2125 1170 2189; x_wconf 87' lang='lat' dir='ltr'><strong>‘Universitati</strong></span> <span class='ocrx_word' id='word_1_96' title='bbox 1183 2133 1309 2189; x_wconf 87' lang='lat' dir='ltr'><strong>vestrae</strong></span> <span class='ocrx_word' id='word_1_97' title='bbox 1325 2133 1447 2190; x_wconf 91' lang='lat' dir='ltr'><strong>aucto-</strong></span> 
     </span>
     <span class='ocr_line' id='line_1_16' title="bbox 497 2222 1447 2307; baseline -0.001 -19"><span class='ocrx_word' id='word_1_98' title='bbox 497 2225 601 2289; x_wconf 90' lang='lat' dir='ltr'><strong>ritate</strong></span> <span class='ocrx_word' id='word_1_99' title='bbox 618 2225 811 2307; x_wconf 88' lang='lat' dir='ltr'><strong>apostolica</strong></span> <span class='ocrx_word' id='word_1_100' title='bbox 827 2225 965 2307; x_wconf 90' lang='lat' dir='ltr'><strong>penitus</strong></span> <span class='ocrx_word' id='word_1_101' title='bbox 981 2222 1186 2302; x_wconf 90' lang='lat' dir='ltr'><strong>inhibemus,</strong></span> <span class='ocrx_word' id='word_1_102' title='bbox 1202 2244 1246 2287; x_wconf 92' lang='lat' dir='ltr'><strong>ne</strong></span> <span class='ocrx_word' id='word_1_103' title='bbox 1262 2223 1447 2306; x_wconf 88' lang='lat' dir='ltr'><strong>quisquam</strong></span> 
     </span>
     <span class='ocr_line' id='line_1_17' title="bbox 498 2320 1446 2406; baseline -0.001 -19"><span class='ocrx_word' id='word_1_104' title='bbox 498 2327 651 2388; x_wconf 87' lang='lat' dir='ltr'><strong>vestrum</strong></span> <span class='ocrx_word' id='word_1_105' title='bbox 666 2343 758 2388; x_wconf 88' lang='lat' dir='ltr'><strong>novo</strong></span> <span class='ocrx_word' id='word_1_106' title='bbox 769 2323 843 2406; x_wconf 87' lang='lat' dir='ltr'><strong>regi</strong></span> <span class='ocrx_word' id='word_1_107' title='bbox 854 2320 1064 2399; x_wconf 87' lang='lat' dir='ltr'><strong>coronando,</strong></span> <span class='ocrx_word' id='word_1_108' title='bbox 1077 2323 1108 2385; x_wconf 88' lang='lat' dir='ltr'><strong>si</strong></span> <span class='ocrx_word' id='word_1_109' title='bbox 1121 2321 1210 2386; x_wconf 84' lang='lat' dir='ltr'><strong>sorte</strong></span> <span class='ocrx_word' id='word_1_110' title='bbox 1223 2342 1324 2386; x_wconf 89' lang='lat' dir='ltr'><strong>casus</strong></span> <span class='ocrx_word' id='word_1_111' title='bbox 1339 2342 1446 2386; x_wconf 87' lang='lat' dir='ltr'><strong>emcr-</strong></span> 
     </span>
     <span class='ocr_line' id='line_1_18' title="bbox 497 2419 1447 2505; baseline 0.001 -20"><span class='ocrx_word' id='word_1_112' title='bbox 497 2423 593 2500; x_wconf 89' lang='lat' dir='ltr'><strong>serit,</strong></span> <span class='ocrx_word' id='word_1_113' title='bbox 610 2424 743 2505; x_wconf 87' lang='lat' dir='ltr'><strong>absque</strong></span> <span class='ocrx_word' id='word_1_114' title='bbox 758 2441 902 2488; x_wconf 88' lang='lat' dir='ltr'><strong>assensu</strong></span> <span class='ocrx_word' id='word_1_115' title='bbox 917 2419 1177 2486; x_wconf 85' lang='lat' dir='ltr'><strong>Cantuariensis</strong></span> <span class='ocrx_word' id='word_1_116' title='bbox 1196 2421 1447 2505; x_wconf 87' lang='lat' dir='ltr'><strong>archiepiscopi</strong></span> 
     </span>
     <span class='ocr_line' id='line_1_19' title="bbox 497 2520 1445 2599; baseline 0.002 -15"><span class='ocrx_word' id='word_1_117' title='bbox 497 2527 532 2584; x_wconf 91' lang='lat' dir='ltr'><strong>et</strong></span> <span class='ocrx_word' id='word_1_118' title='bbox 548 2521 702 2586; x_wconf 87' lang='lat' dir='ltr'><strong>ccclesiae</strong></span> <span class='ocrx_word' id='word_1_119' title='bbox 720 2520 983 2587; x_wconf 86' lang='lat' dir='ltr'><strong>Cautuariensis</strong></span> <span class='ocrx_word' id='word_1_120' title='bbox 1000 2520 1229 2599; x_wconf 87' lang='lat' dir='ltr'><strong>conniventia,</strong></span> <span class='ocrx_word' id='word_1_121' title='bbox 1245 2528 1367 2586; x_wconf 88' lang='lat' dir='ltr'><strong>contra</strong></span> <span class='ocrx_word' id='word_1_122' title='bbox 1382 2540 1445 2585; x_wconf 90' lang='lat' dir='ltr'><strong>an-</strong></span> 
     </span>
     <span class='ocr_line' id='line_1_20' title="bbox 495 2618 1444 2703; baseline 0.002 -21"><span class='ocrx_word' id='word_1_123' title='bbox 495 2619 630 2701; x_wconf 89' lang='lat' dir='ltr'><strong>tiquam</strong></span> <span class='ocrx_word' id='word_1_124' title='bbox 655 2620 732 2703; x_wconf 87' lang='lat' dir='ltr'><strong>ejus</strong></span> <span class='ocrx_word' id='word_1_125' title='bbox 756 2618 1040 2686; x_wconf 86' lang='lat' dir='ltr'><strong>consuetudinem</strong></span> <span class='ocrx_word' id='word_1_126' title='bbox 1062 2624 1098 2683; x_wconf 91' lang='lat' dir='ltr'><strong>at</strong></span> <span class='ocrx_word' id='word_1_127' title='bbox 1124 2619 1341 2702; x_wconf 82' lang='lat' dir='ltr'><strong>dignitatem,</strong></span> <span class='ocrx_word' id='word_1_128' title='bbox 1369 2640 1444 2684; x_wconf 92' lang='lat' dir='ltr'><strong>ma-</strong></span> 
     </span>
     <span class='ocr_line' id='line_1_21' title="bbox 494 2718 1445 2802; baseline 0.004 -21"><span class='ocrx_word' id='word_1_129' title='bbox 494 2737 576 2782; x_wconf 91' lang='lat' dir='ltr'><strong>num</strong></span> <span class='ocrx_word' id='word_1_130' title='bbox 596 2736 770 2800; x_wconf 89' lang='lat' dir='ltr'><strong>apponere</strong></span> <span class='ocrx_word' id='word_1_131' title='bbox 791 2720 945 2802; x_wconf 88' lang='lat' dir='ltr'><strong>qualibet</strong></span> <span class='ocrx_word' id='word_1_132' title='bbox 969 2718 1151 2782; x_wconf 83' lang='lat' dir='ltr'><strong>occasione</strong></span> <span class='ocrx_word' id='word_1_133' title='bbox 1171 2728 1360 2800; x_wconf 87' lang='lat' dir='ltr'><strong>praesumat</strong></span> <span class='ocrx_word' id='word_1_134' title='bbox 1381 2729 1445 2785; x_wconf 84' lang='lat' dir='ltr'><strong>aut</strong></span> 
     </span>
     <span class='ocr_line' id='line_1_22' title="bbox 494 2815 1444 2902; baseline 0.003 -22"><span class='ocrx_word' id='word_1_135' title='bbox 494 2815 529 2880; x_wconf 88' lang='lat' dir='ltr'><strong>id</strong></span> <span class='ocrx_word' id='word_1_136' title='bbox 547 2817 768 2899; x_wconf 89' lang='lat' dir='ltr'><strong>aliquatenus</strong></span> <span class='ocrx_word' id='word_1_137' title='bbox 790 2825 963 2883; x_wconf 87' lang='lat' dir='ltr'><strong>attentare</strong></span> <span class='ocrx_word' id='word_1_138' title='bbox 973 2815 992 2898; x_wconf 80' lang='lat'><strong>3&#39;</strong></span> <span class='ocrx_word' id='word_1_139' title='bbox 1015 2817 1076 2882; x_wconf 90' lang='lat' dir='ltr'><strong>sed</strong></span> <span class='ocrx_word' id='word_1_140' title='bbox 1095 2817 1170 2881; x_wconf 89' lang='lat' dir='ltr'><strong>haec</strong></span> <span class='ocrx_word' id='word_1_141' title='bbox 1186 2817 1327 2896; x_wconf 87' lang='lat' dir='ltr'><strong>frustra,</strong></span> <span class='ocrx_word' id='word_1_142' title='bbox 1348 2819 1444 2902; x_wconf 87' lang='lat' dir='ltr'><strong>quia,</strong></span> 
     </span>
     <span class='ocr_line' id='line_1_23' title="bbox 495 2917 1442 3001; baseline 0.004 -22"><span class='ocrx_word' id='word_1_143' title='bbox 495 2923 681 2998; x_wconf 87' lang='lat' dir='ltr'><strong>antequam</strong></span> <span class='ocrx_word' id='word_1_144' title='bbox 709 2917 819 2981; x_wconf 86' lang='lat' dir='ltr'><strong>literae</strong></span> <span class='ocrx_word' id='word_1_145' title='bbox 847 2925 964 2982; x_wconf 87' lang='lat' dir='ltr'><strong>esseut</strong></span> <span class='ocrx_word' id='word_1_146' title='bbox 992 2917 1233 3001; x_wconf 86' lang='lat' dir='ltr'><strong>promulgatae,</strong></span> <span class='ocrx_word' id='word_1_147' title='bbox 1263 2919 1442 3000; x_wconf 83' lang='lat' dir='ltr'><strong>negotium</strong></span> 
     </span>
     <span class='ocr_line' id='line_1_24' title="bbox 493 3012 1443 3099; baseline 0.005 -23"><span class='ocrx_word' id='word_1_148' title='bbox 493 3012 606 3079; x_wconf 86' lang='lat' dir='ltr'><strong>fuerat</strong></span> <span class='ocrx_word' id='word_1_149' title='bbox 628 3024 916 3082; x_wconf 87' lang='lat' dir='ltr'><strong>consummatum.</strong></span> <span class='ocrx_word' id='word_1_150' title='bbox 957 3015 1003 3080; x_wconf 90' lang='lat' dir='ltr'><strong>Et</strong></span> <span class='ocrx_word' id='word_1_151' title='bbox 1022 3035 1086 3080; x_wconf 83' lang='lat' dir='ltr'><strong>rex</strong></span> <span class='ocrx_word' id='word_1_152' title='bbox 1107 3016 1227 3079; x_wconf 88' lang='lat' dir='ltr'><strong>statim</strong></span> <span class='ocrx_word' id='word_1_153' title='bbox 1242 3024 1323 3099; x_wconf 87' lang='lat' dir='ltr'><strong>post</strong></span> <span class='ocrx_word' id='word_1_154' title='bbox 1343 3037 1443 3081; x_wconf 91' lang='lat' dir='ltr'><strong>coro-</strong></span> 
     </span>
     <span class='ocr_line' id='line_1_25' title="bbox 493 3113 1442 3181; baseline 0.004 -7"><span class='ocrx_word' id='word_1_155' title='bbox 493 3113 668 3180; x_wconf 87' lang='lat' dir='ltr'><strong>nationem</strong></span> <span class='ocrx_word' id='word_1_156' title='bbox 684 3114 746 3178; x_wconf 88' lang='lat' dir='ltr'><strong>filii</strong></span> <span class='ocrx_word' id='word_1_157' title='bbox 761 3115 817 3179; x_wconf 89' lang='lat' dir='ltr'><strong>sui</strong></span> <span class='ocrx_word' id='word_1_158' title='bbox 834 3135 927 3179; x_wconf 89' lang='lat' dir='ltr'><strong>mare</strong></span> <span class='ocrx_word' id='word_1_159' title='bbox 943 3115 1112 3178; x_wconf 89' lang='lat' dir='ltr'><strong>transiens</strong></span> <span class='ocrx_word' id='word_1_160' title='bbox 1129 3116 1293 3179; x_wconf 88' lang='lat' dir='ltr'><strong>convenit</strong></span> <span class='ocrx_word' id='word_1_161' title='bbox 1309 3117 1352 3179; x_wconf 89' lang='lat' dir='ltr'><strong>ad</strong></span> <span class='ocrx_word' id='word_1_162' title='bbox 1370 3117 1442 3181; x_wconf 87' lang='lat' dir='ltr'><strong>col·</strong></span> 
     </span>
     <span class='ocr_line' id='line_1_26' title="bbox 492 3206 1443 3297; baseline 0.006 -23"><span class='ocrx_word' id='word_1_163' title='bbox 492 3210 646 3294; x_wconf 90' lang='lat' dir='ltr'><strong>loquium</strong></span> <span class='ocrx_word' id='word_1_164' title='bbox 660 3213 910 3297; x_wconf 90' lang='lat' dir='ltr'><strong>archiepiscopi</strong></span> <span class='ocrx_word' id='word_1_165' title='bbox 920 3212 1181 3279; x_wconf 85' lang='lat' dir='ltr'><strong>Cautuariensis</strong></span> <span class='ocrx_word' id='word_1_166' title='bbox 1194 3206 1305 3297; x_wconf 82' lang='lat' dir='ltr'><strong>³apud</strong></span> <span class='ocrx_word' id='word_1_167' title='bbox 1321 3213 1443 3280; x_wconf 86' lang='lat' dir='ltr'><strong>Mant-</strong></span> 
     </span>
     <span class='ocr_line' id='line_1_27' title="bbox 493 3311 1441 3396; baseline 0.005 -23"><span class='ocrx_word' id='word_1_168' title='bbox 493 3311 617 3389; x_wconf 87' lang='lat' dir='ltr'><strong>mirail,</strong></span> <span class='ocrx_word' id='word_1_169' title='bbox 629 3313 688 3377; x_wconf 90' lang='lat' dir='ltr'><strong>uhi</strong></span> <span class='ocrx_word' id='word_1_170' title='bbox 706 3333 859 3396; x_wconf 89' lang='lat' dir='ltr'><strong>praesens</strong></span> <span class='ocrx_word' id='word_1_171' title='bbox 878 3321 953 3378; x_wconf 88' lang='lat' dir='ltr'><strong>erat</strong></span> <span class='ocrx_word' id='word_1_172' title='bbox 970 3332 1032 3377; x_wconf 85' lang='lat' dir='ltr'><strong>rex</strong></span> <span class='ocrx_word' id='word_1_173' title='bbox 1053 3313 1288 3394; x_wconf 76' lang='lat' dir='ltr'><strong>Francorum,</strong></span> <span class='ocrx_word' id='word_1_174' title='bbox 1309 3321 1441 3396; x_wconf 91' lang='lat' dir='ltr'><strong>etpost</strong></span> 
     </span>
     <span class='ocr_line' id='line_1_28' title="bbox 491 3410 1440 3496; baseline 0.004 -24"><span class='ocrx_word' id='word_1_175' title='bbox 491 3410 662 3476; x_wconf 90' lang='lat' dir='ltr'><strong>diutinum</strong></span> <span class='ocrx_word' id='word_1_176' title='bbox 681 3411 724 3476; x_wconf 87' lang='lat' dir='ltr'><strong>dc</strong></span> <span class='ocrx_word' id='word_1_177' title='bbox 746 3431 832 3496; x_wconf 87' lang='lat' dir='ltr'><strong>pace</strong></span> <span class='ocrx_word' id='word_1_178' title='bbox 851 3419 1040 3478; x_wconf 89' lang='lat' dir='ltr'><strong>tractatum</strong></span> <span class='ocrx_word' id='word_1_179' title='bbox 1061 3413 1153 3477; x_wconf 88' lang='lat' dir='ltr'><strong>inter</strong></span> <span class='ocrx_word' id='word_1_180' title='bbox 1173 3432 1245 3490; x_wconf 78' lang='lat' dir='ltr'><strong>eoS,</strong></span> <span class='ocrx_word' id='word_1_181' title='bbox 1264 3433 1343 3477; x_wconf 89' lang='lat' dir='ltr'><strong>cum</strong></span> <span class='ocrx_word' id='word_1_182' title='bbox 1360 3433 1440 3496; x_wconf 89' lang='lat' dir='ltr'><strong>per-</strong></span> 
     </span>
    </p>
   </div>
   <div class='ocr_carea' id='block_1_5' title="bbox 491 3511 1441 3596">
    <p class='ocr_par' dir='ltr' id='par_1_5' title="bbox 491 3511 1441 3596">
     <span class='ocr_line' id='line_1_29' title="bbox 491 3511 1441 3596; baseline 0.006 -24"><span class='ocrx_word' id='word_1_183' title='bbox 491 3518 633 3575; x_wconf 87' lang='lat' dir='ltr'><strong>ventum</strong></span> <span class='ocrx_word' id='word_1_184' title='bbox 655 3511 778 3578; x_wconf 89' lang='lat' dir='ltr'><strong>fuisset</strong></span> <span class='ocrx_word' id='word_1_185' title='bbox 801 3512 845 3576; x_wconf 90' lang='lat' dir='ltr'><strong>ad</strong></span> <span class='ocrx_word' id='word_1_186' title='bbox 867 3512 1035 3596; x_wconf 88' lang='lat' dir='ltr'><strong>osculum,</strong></span> <span class='ocrx_word' id='word_1_187' title='bbox 1057 3512 1140 3593; x_wconf 88' lang='lat' dir='ltr'><strong>quia</strong></span> <span class='ocrx_word' id='word_1_188' title='bbox 1159 3512 1441 3595; x_wconf 88' lang='lat' dir='ltr'><strong>archiepiscopus</strong></span> 
     </span>
    </p>
   </div>
   <div class='ocr_carea' id='block_1_6' title="bbox 483 3704 1440 4331">
    <p class='ocr_par' dir='ltr' id='par_1_6' title="bbox 483 3704 1440 4331">
     <span class='ocr_line' id='line_1_30' title="bbox 526 3704 1440 3779; baseline 0.008 -22"><span class='ocrx_word' id='word_1_189' title='bbox 526 3704 766 3779; x_wconf 61' lang='lat' dir='ltr'><strong>wormatiam]</strong></span> <span class='ocrx_word' id='word_1_190' title='bbox 790 3713 899 3775; x_wconf 79' lang='lat' dir='ltr'><strong>l&#39;yrrell,</strong></span> <span class='ocrx_word' id='word_1_191' title='bbox 921 3727 949 3762; x_wconf 85' lang='lat' dir='ltr'><strong>a·</strong></span> <span class='ocrx_word' id='word_1_192' title='bbox 973 3712 1060 3760; x_wconf 84' lang='lat' dir='ltr'><strong>letters</strong></span> <span class='ocrx_word' id='word_1_193' title='bbox 1078 3711 1107 3760; x_wconf 82' lang='lat' dir='ltr'><strong>oi</strong></span> <span class='ocrx_word' id='word_1_194' title='bbox 1125 3711 1168 3760; x_wconf 88' lang='lat' dir='ltr'><strong>the</strong></span> <span class='ocrx_word' id='word_1_195' title='bbox 1185 3727 1261 3774; x_wconf 88' lang='lat' dir='ltr'><strong>pope,</strong></span> <span class='ocrx_word' id='word_1_196' title='bbox 1278 3713 1324 3763; x_wconf 88' lang='lat' dir='ltr'><strong>lib.</strong></span> <span class='ocrx_word' id='word_1_197' title='bbox 1344 3713 1379 3763; x_wconf 86' lang='lat' dir='ltr'><strong>iv.</strong></span> <span class='ocrx_word' id='word_1_198' title='bbox 1396 3727 1440 3775; x_wconf 85' lang='lat' dir='ltr'><strong>ep.</strong></span> 
     </span>
     <span class='ocr_line' id='line_1_31' title="bbox 489 3779 1279 3843; baseline 0.009 -18"><span class='ocrx_word' id='word_1_199' title='bbox 489 3784 588 3840; x_wconf 83' lang='lat' dir='ltr'><strong>mougst</strong></span> <span class='ocrx_word' id='word_1_200' title='bbox 603 3779 675 3828; x_wconf 90' lang='lat' dir='ltr'><strong>other</strong></span> <span class='ocrx_word' id='word_1_201' title='bbox 692 3795 804 3843; x_wconf 81' lang='lat' dir='ltr'><strong>reasons,</strong></span> <span class='ocrx_word' id='word_1_202' title='bbox 820 3782 866 3831; x_wconf 87' lang='lat' dir='ltr'><strong>has</strong></span> <span class='ocrx_word' id='word_1_203' title='bbox 889 3798 949 3843; x_wconf 83' lang='lat' dir='ltr'><strong>sup·</strong></span> <span class='ocrx_word' id='word_1_204' title='bbox 974 3782 1039 3840; x_wconf 88' lang='lat' dir='ltr'><strong>xlii.;</strong></span> <span class='ocrx_word' id='word_1_205' title='bbox 1050 3781 1096 3830; x_wconf 92' lang='lat' dir='ltr'><strong>lib.</strong></span> <span class='ocrx_word' id='word_1_206' title='bbox 1103 3796 1128 3830; x_wconf 91' lang='lat' dir='ltr'><strong>v.</strong></span> <span class='ocrx_word' id='word_1_207' title='bbox 1140 3795 1181 3842; x_wconf 89' lang='lat' dir='ltr'><strong>ep.</strong></span> <span class='ocrx_word' id='word_1_208' title='bbox 1191 3783 1279 3833; x_wconf 83' lang='lat' dir='ltr'><strong>xxxiv.</strong></span> 
     </span>
     <span class='ocr_line' id='line_1_32' title="bbox 488 3846 1440 3918; baseline 0.006 -23"><span class='ocrx_word' id='word_1_209' title='bbox 488 3848 567 3907; x_wconf 83' lang='lat' dir='ltr'><strong>poeed</strong></span> <span class='ocrx_word' id='word_1_210' title='bbox 577 3849 632 3897; x_wconf 88' lang='lat' dir='ltr'><strong>that</strong></span> <span class='ocrx_word' id='word_1_211' title='bbox 642 3847 732 3911; x_wconf 86' lang='lat' dir='ltr'><strong>Henry</strong></span> <span class='ocrx_word' id='word_1_212' title='bbox 742 3865 797 3900; x_wconf 87' lang='lat' dir='ltr'><strong>was</strong></span> <span class='ocrx_word' id='word_1_213' title='bbox 807 3851 948 3901; x_wconf 88' lang='lat' dir='ltr'><strong>intluenced</strong></span> <span class='ocrx_word' id='word_1_214' title='bbox 1007 3847 1099 3912; x_wconf 63' lang='lat' dir='ltr'><strong>⁸,lpod</strong></span> <span class='ocrx_word' id='word_1_215' title='bbox 1114 3846 1301 3918; x_wconf 62' lang='lat' dir='ltr'><strong>Matrimonii]</strong></span> <span class='ocrx_word' id='word_1_216' title='bbox 1323 3852 1377 3901; x_wconf 85' lang='lat' dir='ltr'><strong>The</strong></span> <span class='ocrx_word' id='word_1_217' title='bbox 1399 3852 1440 3900; x_wconf 87' lang='lat' dir='ltr'><strong>iu-</strong></span> 
     </span>
     <span class='ocr_line' id='line_1_33' title="bbox 487 3918 1440 3979; baseline 0.005 -13"><span class='ocrx_word' id='word_1_218' title='bbox 487 3918 514 3966; x_wconf 90' lang='lat' dir='ltr'><strong>iu</strong></span> <span class='ocrx_word' id='word_1_219' title='bbox 531 3919 631 3979; x_wconf 80' lang='lat' dir='ltr'><strong>coming</strong></span> <span class='ocrx_word' id='word_1_220' title='bbox 646 3923 672 3970; x_wconf 86' lang='lat' dir='ltr'><strong>to</strong></span> <span class='ocrx_word' id='word_1_221' title='bbox 688 3919 739 3970; x_wconf 86' lang='lat' dir='ltr'><strong>this</strong></span> <span class='ocrx_word' id='word_1_222' title='bbox 756 3921 948 3971; x_wconf 85' lang='lat' dir='ltr'><strong>detennination</strong></span> <span class='ocrx_word' id='word_1_223' title='bbox 973 3921 1078 3968; x_wconf 83' lang='lat' dir='ltr'><strong>terview</strong></span> <span class='ocrx_word' id='word_1_224' title='bbox 1093 3923 1120 3968; x_wconf 87' lang='lat' dir='ltr'><strong>at</strong></span> <span class='ocrx_word' id='word_1_225' title='bbox 1135 3919 1280 3969; x_wconf 86' lang='lat' dir='ltr'><strong>Moumirail</strong></span> <span class='ocrx_word' id='word_1_226' title='bbox 1293 3921 1345 3971; x_wconf 85' lang='lat' dir='ltr'><strong>had</strong></span> <span class='ocrx_word' id='word_1_227' title='bbox 1360 3922 1440 3971; x_wconf 80' lang='lat' dir='ltr'><strong>taken</strong></span> 
     </span>
     <span class='ocr_line' id='line_1_34' title="bbox 487 3987 1440 4050; baseline 0.006 -15"><span class='ocrx_word' id='word_1_228' title='bbox 487 3987 521 4047; x_wconf 89' lang='lat' dir='ltr'><strong>by</strong></span> <span class='ocrx_word' id='word_1_229' title='bbox 540 3987 583 4036; x_wconf 91' lang='lat' dir='ltr'><strong>the</strong></span> <span class='ocrx_word' id='word_1_230' title='bbox 604 3990 720 4050; x_wconf 87' lang='lat' dir='ltr'><strong>example</strong></span> <span class='ocrx_word' id='word_1_231' title='bbox 740 3989 769 4037; x_wconf 84' lang='lat' dir='ltr'><strong>oi</strong></span> <span class='ocrx_word' id='word_1_232' title='bbox 785 3990 827 4039; x_wconf 86' lang='lat' dir='ltr'><strong>the</strong></span> <span class='ocrx_word' id='word_1_233' title='bbox 849 3990 947 4040; x_wconf 86' lang='lat' dir='ltr'><strong>Freuch</strong></span> <span class='ocrx_word' id='word_1_234' title='bbox 972 3990 1045 4050; x_wconf 86' lang='lat' dir='ltr'><strong>place</strong></span> <span class='ocrx_word' id='word_1_235' title='bbox 1056 3989 1139 4037; x_wconf 84' lang='lat' dir='ltr'><strong>before</strong></span> <span class='ocrx_word' id='word_1_236' title='bbox 1151 3989 1193 4038; x_wconf 83' lang='lat' dir='ltr'><strong>tho</strong></span> <span class='ocrx_word' id='word_1_237' title='bbox 1204 3991 1387 4040; x_wconf 80' lang='lat' dir='ltr'><strong>coronationes</strong></span> <span class='ocrx_word' id='word_1_238' title='bbox 1395 3992 1440 4041; x_wconf 85' lang='lat' dir='ltr'><strong>the</strong></span> 
     </span>
     <span class='ocr_line' id='line_1_35' title="bbox 485 4056 1438 4122; baseline 0.008 -19"><span class='ocrx_word' id='word_1_239' title='bbox 485 4056 571 4118; x_wconf 83' lang='lat' dir='ltr'><strong>iringa,</strong></span> <span class='ocrx_word' id='word_1_240' title='bbox 581 4057 674 4107; x_wconf 88' lang='lat' dir='ltr'><strong>Robert</strong></span> <span class='ocrx_word' id='word_1_241' title='bbox 683 4059 734 4108; x_wconf 88' lang='lat' dir='ltr'><strong>and</strong></span> <span class='ocrx_word' id='word_1_242' title='bbox 743 4059 822 4109; x_wconf 84' lang='lat' dir='ltr'><strong>Leuis</strong></span> <span class='ocrx_word' id='word_1_243' title='bbox 832 4060 856 4112; x_wconf 86' lang='lat' dir='ltr'><strong>le</strong></span> <span class='ocrx_word' id='word_1_244' title='bbox 866 4061 946 4120; x_wconf 83' lang='lat' dir='ltr'><strong>Gros;</strong></span> <span class='ocrx_word' id='word_1_245' title='bbox 972 4059 1068 4120; x_wconf 83' lang='lat' dir='ltr'><strong>priuce,</strong></span> <span class='ocrx_word' id='word_1_246' title='bbox 1076 4058 1212 4119; x_wconf 83' lang='lat' dir='ltr'><strong>according</strong></span> <span class='ocrx_word' id='word_1_247' title='bbox 1220 4063 1245 4108; x_wconf 89' lang='lat' dir='ltr'><strong>to</strong></span> <span class='ocrx_word' id='word_1_248' title='bbox 1254 4059 1378 4122; x_wconf 87' lang='lat' dir='ltr'><strong>Gervase,</strong></span> <span class='ocrx_word' id='word_1_249' title='bbox 1386 4063 1438 4112; x_wconf 91' lang='lat' dir='ltr'><strong>col.</strong></span> 
     </span>
     <span class='ocr_line' id='line_1_36' title="bbox 483 4126 1438 4194; baseline 0.008 -20"><span class='ocrx_word' id='word_1_250' title='bbox 483 4126 511 4174; x_wconf 87' lang='lat' dir='ltr'><strong>ii.</strong></span> <span class='ocrx_word' id='word_1_251' title='bbox 523 4141 549 4187; x_wconf 88' lang='lat' dir='ltr'><strong>p.</strong></span> <span class='ocrx_word' id='word_1_252' title='bbox 562 4130 619 4180; x_wconf 75' lang='lat'><strong>356,</strong></span> <span class='ocrx_word' id='word_1_253' title='bbox 974 4131 1047 4178; x_wconf 74' lang='lat'><strong>1407.</strong></span> <span class='ocrx_word' id='word_1_254' title='bbox 1083 4127 1117 4177; x_wconf 85' lang='lat' dir='ltr'><strong>So</strong></span> <span class='ocrx_word' id='word_1_255' title='bbox 1134 4128 1189 4177; x_wconf 85' lang='lat' dir='ltr'><strong>also</strong></span> <span class='ocrx_word' id='word_1_256' title='bbox 1206 4127 1395 4194; x_wconf 77' lang='lat' dir='ltr'><strong>Fila-Stephon,</strong></span> <span class='ocrx_word' id='word_1_257' title='bbox 1409 4147 1438 4192; x_wconf 87' lang='lat' dir='ltr'><strong>p.</strong></span> 
     </span>
     <span class='ocr_line' id='line_1_37' title="bbox 972 4196 1439 4263; baseline 0.011 -17"><span class='ocrx_word' id='word_1_258' title='bbox 972 4201 1013 4246; x_wconf 77' lang='grc'><strong>58.</strong></span> <span class='ocrx_word' id='word_1_259' title='bbox 1038 4196 1092 4247; x_wconf 88' lang='lat' dir='ltr'><strong>The</strong></span> <span class='ocrx_word' id='word_1_260' title='bbox 1105 4202 1159 4247; x_wconf 87' lang='lat' dir='ltr'><strong>text</strong></span> <span class='ocrx_word' id='word_1_261' title='bbox 1170 4197 1269 4248; x_wconf 79' lang='lat' dir='ltr'><strong>follows</strong></span> <span class='ocrx_word' id='word_1_262' title='bbox 1278 4199 1379 4263; x_wconf 90' lang='lat' dir='ltr'><strong>Diceto,</strong></span> <span class='ocrx_word' id='word_1_263' title='bbox 1387 4203 1439 4251; x_wconf 89' lang='lat' dir='ltr'><strong>col.</strong></span> 
     </span>
     <span class='ocr_line' id='line_1_38' title="bbox 519 4257 1028 4331; baseline 0.016 -23"><span class='ocrx_word' id='word_1_264' title='bbox 519 4257 754 4331; x_wconf 78' lang='lat' dir='ltr'><strong>’Prohibitioaom.]</strong></span> <span class='ocrx_word' id='word_1_265' title='bbox 767 4264 891 4326; x_wconf 85' lang='lat' dir='ltr'><strong>Compara</strong></span> <span class='ocrx_word' id='word_1_266' title='bbox 903 4265 945 4314; x_wconf 89' lang='lat' dir='ltr'><strong>the</strong></span> <span class='ocrx_word' id='word_1_267' title='bbox 971 4270 1028 4316; x_wconf 75' lang='lat'><strong>552.</strong></span> 
     </span>
    </p>
   </div>
   <div class='ocr_carea' id='block_1_7' title="bbox 0 0 1594 5194">
    <p class='ocr_par' dir='ltr' id='par_1_7' title="bbox 0 0 1594 5194">
     <span class='ocr_line' id='line_1_39' title="bbox 0 0 1594 5194; baseline 0 6"><span class='ocrx_word' id='word_1_268' title='bbox 0 0 1594 5194; x_wconf 95' lang='lat' dir='ltr'><strong> </strong></span> 
     </span>
    </p>
   </div>
  </div>
 </body>
</html>
