3190 5202
297 669 352 711 Ab.
362 669 420 710 1094.

460 479 504 542 48
717 491 852 542 noonm
877 493 925 541 nn
946 492 1154 542 wneoovea

460 649 555 714 laesre
566 647 866 732 majestatisreus3
884 647 1440 730 steteruntexadversoepisco-

459 749 495 832 pi
506 748 646 831 quidam
656 746 808 812 debitam
819 748 1078 830 archiepiscopo
1088 745 1317 811 obedientiam
1334 748 1439 810 sub·

459 848 648 926 trahentes,
672 855 708 912 et
729 867 849 912 omnes
868 840 1010 928 ¹praeter
1032 845 1262 921 Gundulfum,
1279 843 1437 908 Rofen-

458 965 532 1013 sem
548 948 761 1030 episcopum,
779 946 871 1028 regis
887 945 1037 1010 vesaniae
1055 945 1309 1010 consentientes
1326 943 1437 1008 facti

458 1053 541 1112 sunt
550 1054 589 1110 ut
598 1066 702 1112 canes
711 1045 839 1110 latrare
851 1064 920 1109 non
931 1043 1110 1108 audentes.
1138 1043 1335 1107 inimicitiis
1349 1043 1437 1124 igi-

459 1152 639 1227 turarege
650 1144 910 1227 archiepiscopo
922 1143 1147 1220 denuntiatis,
1157 1162 1219 1226 per
1230 1143 1435 1206 internun-

459 1245 527 1308 tios
543 1245 575 1307 ei
591 1244 831 1308 denuntiatum
856 1249 921 1318 est,
935 1262 1004 1307 non
1030 1242 1100 1306 alia
1122 1241 1256 1306 ratione
1279 1241 1323 1305 ad
1351 1261 1431 1323 pa·

459 1362 534 1407 cem
555 1344 647 1425 regis
671 1342 769 1406 illum
792 1361 894 1424 posse
919 1341 1042 1418 redire,
1069 1341 1136 1404 nisi
1160 1347 1432 1423 protestaretur

458 1461 537 1504 cum
555 1441 754 1524 juramento
772 1441 864 1522 quod
884 1439 1019 1504 Urbani
1046 1459 1146 1522 papae
1168 1459 1237 1503 non
1261 1439 1430 1520 amplec-

459 1547 591 1606 teretur
604 1540 825 1618 mandatum3
849 1540 921 1615 sed,
944 1539 1064 1622 paucis
1083 1536 1302 1621 postmodum
1316 1538 1425 1619 elap-

459 1639 507 1704 sis
537 1639 670 1716 diebuS,
697 1639 794 1703 venit
822 1639 858 1703 in
893 1636 1057 1719 Angliam
1084 1637 1275 1714 Walterus,
1298 1635 1426 1700 Alba-

459 1739 576 1801 nensis
601 1740 796 1820 episcopus,
819 1736 1077 1819 archiepiscopo
1104 1735 1248 1818 pallium
1283 1735 1424 1811 ferens,

459 1837 520 1918 qui
533 1856 658 1918 papam
675 1836 855 1899 Urbanum
873 1835 948 1917 regi
963 1834 1139 1900 Willelmo
1162 1833 1424 1898 reconcibavit.

458 1933 646 1999 Anselmus
670 1935 790 2015 igitur,
816 1942 959 2017 accepto
981 1935 1101 2016 pallio,
1127 1953 1246 1997 rursus
1279 1952 1301 1996 a
1327 1953 1422 2014 rege

458 2053 586 2116 papam
602 2034 782 2099 Urbanum
797 2034 961 2099 visitandi
978 2034 1152 2098 licentiam
1168 2033 1323 2113 exigens,
1339 2033 1421 2097 tale

459 2134 568 2198 fertur
588 2134 763 2217 accepisse
786 2151 1008 2215 responsum
1033 2133 1138 2215 quod,
1154 2131 1184 2194 si
1202 2132 1325 2214 coeptis
1350 2131 1420 2194 de-

459 2234 609 2310 sisteret,
634 2234 664 2296 si
695 2233 881 2314 propositis
909 2231 1100 2312 evangeliis
1131 2233 1348 2312 promitteret
1371 2249 1419 2294 se

460 2352 523 2400 nec
538 2332 772 2414 apostolorum
787 2330 907 2394 limina
921 2330 1153 2406 visitaturum,
1166 2349 1229 2394 nec
1245 2349 1308 2412 pro
1324 2349 1419 2411 quo·

460 2430 514 2494 vis
540 2430 681 2510 negotio
708 2429 876 2493 Romanae
901 2429 992 2493 sedis
1021 2429 1231 2493 audientiam
1255 2428 1419 2511 appella-

460 2535 590 2604 turum,
613 2535 696 2591 tunc
722 2536 757 2591 et
776 2529 849 2591 suis
871 2536 907 2593 et
929 2529 1031 2594 rebus
1060 2547 1200 2593 suorum
1218 2547 1296 2592 cum
1318 2529 1416 2591 omni

461 2626 713 2709 tranquillitate
735 2633 872 2709 poterat
889 2629 1097 2710 prospicere,
1111 2635 1146 2690 et
1160 2626 1260 2708 regni
1273 2626 1418 2709 majori-

460 2725 526 2790 bus
540 2728 576 2790 in
594 2727 687 2790 omni
703 2727 937 2790 dominatione
949 2745 1119 2808 praeesse3
1139 2726 1192 2790 sin
1208 2733 1337 2802 autem,
1351 2746 1417 2808 po-

461 2831 553 2888 terat
570 2824 794 2889 translretare
808 2825 869 2888 sed
886 2826 1092 2902 inconsulte,
1107 2832 1143 2888 et
1159 2824 1317 2889 recedere
1339 2826 1416 2889 sine

461 2943 523 3005 spe
538 2924 744 2989 revertendi.

562 3099 819 3184 Arelicpiscmaas
832 3098 981 3186 spoliatae
995 3097 1034 3162 ab
1049 3098 1170 3184 Acpltc
1184 3100 1313 3165 recessit.

300 3233 442 3275 sentement
513 3220 694 3285 Recedens
723 3223 1001 3306 archiepiscopus
1024 3243 1045 3286 a
1069 3230 1256 3305 conspectu
1279 3225 1417 3289 concilii

301 3283 429 3325 olAnrehu.

462 3321 558 3384 venit
573 3320 809 3398 cantuariam,
833 3322 913 3405 quid
934 3330 1127 3404 reportaret
1141 3343 1186 3386 ex
1209 3325 1305 3387 curia
1327 3327 1415 3406 pub-

462 3419 527 3484 lice
550 3420 790 3486 manifestans.
841 3420 1041 3485 Ascensuro
1066 3442 1150 3504 ergo
1173 3441 1297 3486 navem
1320 3423 1412 3506 apud

463 3519 638 3584 Doveram
657 3514 869 3586 ²Willelmus
891 3521 934 3584 de
950 3521 1138 3585 Warenast
1160 3522 1251 3603 regis
1269 3520 1413 3586 familia-

462 3618 511 3680 ris
527 3619 755 3683 irreverenter
770 3621 931 3695 accurrit,
949 3627 985 3683 et
1008 3621 1201 3702 pecuniam,
1216 3640 1285 3684 non
1301 3621 1412 3684 solum

500 3840 618 3891 ¹Proeter
631 3842 804 3904 Garrdolsam]
822 3841 869 3890 See
884 3842 926 3891 the
985 3840 1149 3894 ²Willelmas
1166 3845 1195 3893 dc
1219 3845 1370 3911 Warraara]
1387 3863 1415 3897 or

462 3910 507 3962 lite
518 3911 547 3960 of
555 3912 697 3972 Gundulph
709 3913 742 3972 hy
753 3927 770 3960 a
784 3916 927 3974 contempo·
950 3911 1128 3976 ‘Warewast,'
1150 3929 1179 3964 as
1198 3915 1230 3966 he
1248 3917 1271 3964 is
1289 3918 1372 3966 called
1388 3919 1415 3966 iu

462 3995 521 4043 rary
538 3983 614 4030 monh
636 3983 665 4031 of
684 3981 830 4042 Rochester,
847 3981 925 4043 Angl.
950 3981 992 4030 the
1012 3981 1056 4032 lite
1075 3983 1104 4031 oi
1119 3983 1234 4044 Anselm,
1251 3986 1286 4046 by
1301 3986 1414 4036 Joannes

462 4049 532 4099 Sacr.
548 4055 607 4100 torn.
625 4052 653 4100 ii.
673 4066 699 4112 p.
720 4056 778 4112 287,
795 4052 822 4098 in
840 4051 925 4100 which
950 4051 1418 4116 Sarisbiriensis,or‘Warlewast3'af·

461 4118 504 4167 the
520 4121 609 4169 readcr
624 4136 683 4182 may
694 4122 749 4170 also
760 4121 811 4169 find
828 4122 925 4171 several
949 4123 1082 4183 terwards,
1100 4123 1126 4170 in
1139 4126 1211 4184 1107,
1228 4139 1265 4186 or,
1279 4127 1415 4188 according

462 4186 491 4236 oi
506 4188 633 4238 Anselm’s
654 4191 741 4238 lettere
761 4195 787 4238 to
806 4190 862 4240 that
887 4191 924 4239 bi·
949 4195 975 4238 to
997 4191 1090 4250 others,
1106 4192 1132 4240 in
1156 4195 1229 4253 1112,
1251 4195 1414 4246 consecrated

462 4255 534 4316 shop.
950 4259 1040 4321 bishop
1051 4261 1080 4309 ol
1089 4261 1191 4310 Exeter.
