3190 5202
499 555 556 622 52,
756 568 889 618 aconru
914 569 961 615 on
984 567 1203 616 wnuoovnn.

338 743 462 833 iiss'oi⁰⁹⁵‘
502 727 767 810 archiepiscopis
782 726 951 791 catholice
962 725 1144 790 institutis.
1201 723 1310 788 Facto
1324 730 1378 786 est
1393 742 1453 786 au-

338 842 444 887 wman·
501 834 571 891 tem
588 826 662 890 haee
680 827 896 890 consecratio
912 843 1003 890 anno
1019 825 1112 906 regis
1137 823 1252 887 sancti
1267 821 1454 886 Eadwardi

501 926 681 1008 vigesimo,
692 925 880 990 indictione
896 923 1029 988 decima
1046 925 1180 1006 quinta,
1191 923 1247 986 die
1258 921 1452 985 Dominica.

601 1101 651 1164 De
665 1097 831 1164 uirtutibus
845 1099 946 1164 sorceti
967 1098 1104 1163 Wlstoui
1117 1097 1152 1160 ia
1167 1098 1352 1184 eprircoputu.

554 1223 690 1288 Claruit
714 1224 822 1306 igitur
844 1224 967 1287 beatus
983 1221 1167 1287 Wlstanus
1188 1221 1223 1284 in
1250 1221 1468 1303 episcopatu.

503 1323 741 1404 Wigorniensi
769 1323 868 1386 annis
892 1322 1067 1397 tredecim,
1099 1321 1302 1403 simpliciter
1328 1339 1368 1384 ac
1395 1321 1453 1402 pie

503 1421 665 1499 vivendo,
680 1422 865 1503 unicuique
881 1420 974 1503 quod
996 1440 1097 1484 suum
1120 1427 1195 1484 erat
1210 1421 1376 1496 tribuens,
1394 1439 1454 1482 us·

504 1541 573 1603 que
598 1522 634 1585 in
651 1528 807 1603 tempora
823 1521 914 1601 regis
928 1520 1108 1595 Willelmi,
1130 1520 1201 1600 qui,
1219 1517 1349 1600 Anglia
1370 1519 1454 1582 sub-

501 1619 638 1704 jugata,
666 1629 705 1684 ut
726 1620 928 1702 praedictum
953 1626 1018 1694 est,
1044 1618 1189 1682 rebelles
1210 1619 1276 1680 sibi
1298 1636 1454 1699 quosque

506 1720 562 1784 vel
587 1739 609 1783 a
634 1739 741 1801 regno
766 1719 1037 1801 proscripsisset,
1062 1717 1119 1781 vel
1143 1717 1291 1780 vinculis
1321 1717 1468 1779 manci,¹

505 1826 636 1900 passer,
652 1819 707 1902 vel
733 1817 769 1882 in
795 1818 997 1881 servitutem
1014 1823 1049 1880 et
1065 1823 1255 1879 extremam
1281 1816 1454 1878 miseriam

505 1917 711 1982 induxisset.
755 1917 835 1981 Rex
858 1916 997 1980 tandem
1015 1915 1223 1990 Willelmus,
1238 1915 1281 1977 de
1304 1915 1455 1995 negotiis

506 2023 657 2082 tractare
687 2017 874 2098 disponens
903 2015 1157 2090 ecclesiasticis,
1189 2033 1281 2077 anno
1313 2014 1455 2077 Domini

507 2117 687 2200 millesimo
713 2116 969 2197 septuagesimo
987 2115 1109 2196 quinto
1126 2113 1208 2177 fecit
1225 2113 1317 2195 apud
1334 2112 1467 2176 West-.

505 2217 752 2280 monasterium
767 2214 936 2298 synodum
950 2213 1154 2293 congregari
1166 2232 1175 2290 3
1194 2213 1250 2275 cui
1263 2212 1455 2294 praesidens

507 2314 734 2390 Lanfrancus,
767 2312 1028 2376 Cantuariensis
1054 2311 1344 2392 archiepiscopus,
1374 2330 1454 2374 cum

506 2415 578 2476 suis
595 2413 822 2494 suffraganeis
838 2411 945 2492 coepit
957 2411 1161 2490 corrigenda
1184 2411 1366 2491 corrigere,
1383 2411 1454 2473 cle-

507 2512 586 2574 ricis
604 2512 708 2574 etiam
729 2518 764 2574 et
781 2510 958 2574 monachis
982 2509 1214 2572 honestiorem
1229 2509 1367 2573 vivendi
1382 2508 1468 2572 for-.

506 2629 598 2672 mam
614 2610 780 2691 praebere.
807 2608 911 2690 Apud
925 2609 1016 2672 hunc
1026 2607 1320 2690 archiepiscopum
1330 2609 1455 2672 beatus

506 2709 690 2773 Wlstanus
718 2707 949 2789 simplicitatis
967 2715 1001 2773 et
1018 2708 1233 2770 illiteraturae
1257 2715 1454 2785 accusatus,

507 2816 543 2872 et
565 2809 665 2891 quasi
689 2807 791 2870 homo
819 2807 939 2883 idiota,
967 2807 1027 2888 qui
1050 2807 1205 2888 linguam
1234 2804 1455 2870 Gallicanam

507 2927 577 2970 non
602 2914 747 2970 noverat
776 2924 839 2968 nec
862 2907 967 2987 regiis
989 2906 1141 2968 consiliis
1166 2906 1332 2968 interesse
1354 2913 1467 2986 potem

507 3013 574 3082 rat,
597 3006 673 3086 ipso
698 3024 779 3084 rege
803 3005 1039 3068 consentiente
1061 3011 1096 3067 et
1117 3004 1182 3067 hoc
1207 3004 1372 3080 dictante,
1394 3005 1456 3069 de-

507 3104 658 3166 cernitur
688 3102 921 3184 deponendus
974 3101 1088 3182 Igitur
1110 3101 1337 3180 LaufrancuS,
1362 3104 1455 3167 inter

508 3211 633 3265 caetera
650 3202 785 3265 concilii
803 3209 948 3278 statuta,
964 3201 1075 3264 virum
1093 3200 1162 3264 Dei
1173 3200 1373 3264 Wlstanum
1394 3203 1454 3285 ju-

507 3301 577 3376 bet,
597 3309 636 3365 ut
662 3301 823 3364 baculum
851 3321 929 3364 cum
952 3300 1079 3364 annulo
1102 3301 1315 3381 resignaret;
1339 3307 1376 3364 at
1400 3303 1454 3365 vir

508 3399 650 3462 Domini
662 3399 858 3476 WlstanuS,
875 3419 938 3476 nec
956 3399 1057 3462 vultu
1072 3407 1226 3463 mutatus
1242 3418 1305 3462 neo
1325 3401 1454 3478 animo,

507 3500 619 3562 erexit
634 3518 671 3562 se
687 3506 722 3562 et
739 3499 872 3581 virgam
898 3497 1107 3581 pastoralem
1129 3517 1233 3561 manu
1253 3504 1375 3561 tenens
1401 3520 1455 3562 re-

507 3599 660 3680 spondit,
692 3598 830 3674 ‘Vere,'
858 3598 983 3679 inquit,
1010 3594 1169 3659 ‘domine
1199 3596 1245 3658 mi
1284 3598 1454 3680 archiepi-

506 3716 622 3780 scope,
647 3715 728 3762 vere
755 3696 839 3772 scio,
869 3696 951 3777 quia
981 3714 1044 3758 nec
1076 3694 1141 3758 hoc
1170 3694 1301 3758 honore
1327 3696 1455 3776 dignus

506 3815 595 3873 sum,
612 3815 674 3858 nec
693 3795 801 3873 oneri,
815 3814 877 3858 neo
893 3795 973 3857 huic
985 3791 1158 3857 sufficiens
1172 3793 1294 3870 labori,
1313 3786 1390 3857 ¹sed
1404 3804 1466 3874 tu,

541 4050 611 4101 'Sed
696 4052 840 4101 auctoritate
852 4053 966 4114 suscept]
990 4053 1108 4114 ignorans
1130 4056 1156 4100 et
1172 4056 1224 4100 tuae
1246 4056 1392 4112 sanctaeque
1414 4068 1457 4116 sy·

505 4123 556 4170 ‘Et
572 4137 639 4171 nunc
655 4123 807 4183 pastoralem
823 4126 851 4171 tu
870 4123 966 4182 virgam
989 4123 1048 4170 nodi
1068 4122 1198 4170 sententiae
1212 4121 1304 4170 cedens
1320 4123 1455 4183 resignabo

504 4192 597 4252 exigis,
611 4207 688 4252 quam
700 4207 750 4240 non
766 4191 903 4250 tradidisti,
914 4191 967 4238 offi-
988 4191 1117 4253 baculum,
1128 4191 1234 4240 sednon
1249 4190 1305 4253 tibi,
1316 4191 1364 4238 sed
1372 4194 1397 4240 ei
1408 4209 1455 4254 po-

504 4261 571 4307 cium
580 4261 671 4310 adimis
683 4261 751 4321 quod
762 4276 811 4309 non
822 4261 964 4309 contulisti:
988 4262 1039 4310 tius
1058 4263 1133 4322 cujus
1152 4275 1210 4309 eum
1232 4262 1381 4308 auctoritate
1398 4277 1455 4312 sus·

504 4333 529 4376 et
537 4342 584 4388 ego
592 4331 694 4390 quidem
705 4330 905 4379 insufficientiam
916 4344 965 4377 non
976 4385 978 4402 .
988 4325 1061 4390 cepi.’
1078 4330 1143 4379 Dec.
1155 4329 1259 4390 Scriptt.
1269 4330 1318 4379 col.
1330 4333 1387 4379 406.
