3178 5194
459 534 525 600 ³62
713 549 848 598 nocnar
872 550 919 596 nn
942 549 1149 598 wnrrnovna

300 723 356 764 ιο
367 721 423 762 1¹⁷¹
462 707 578 772 laetale
596 699 741 772 ¹vulnus
760 706 919 789 recepit
909 726 945 769 ιιι
961 706 1023 769 illa
1041 706 1196 788 corporis
1212 712 1324 790 parte,
1341 729 1412 792 qna

300 773 386 864 iffi
363 774 418 814 ‘¹⁰‘
461 807 529 871 olei
551 807 641 872 sacri
662 806 814 889 perfusio
832 805 1016 888 specialius
1038 806 1136 870 illum
1157 806 1309 873 Domino
1332 829 1411 873 con-

461 913 675 985 secraverat;
698 925 762 970 nec
779 905 949 971 satisfuit
966 906 1016 969 eis
1033 906 1203 987 sanguine
1219 908 1412 972 sacerdotis

461 1011 498 1069 et
522 1023 606 1070 nece
632 1005 812 1070 ecclesiam
836 1003 1021 1087 profanare
1047 1011 1084 1070 et
1106 1005 1196 1070 diem
1219 1007 1412 1072 sacratissi-

460 1122 555 1168 mum
571 1105 756 1182 incestare,
770 1105 849 1181 nisi,
866 1122 996 1168 corona
1011 1104 1347 1187 capitisampntata,
1360 1106 1411 1170 fu·

338 1219 339 1224 ¹
461 1203 570 1269 nostis
586 1203 712 1286 gladiis
727 1203 802 1287 Jam
822 1202 975 1267 defuncti
994 1201 1161 1286 ejicerent
1180 1205 1358 1269 cerebrum
1375 1212 1412 1270 et

460 1303 696 1384 pavimentum
712 1301 947 1366 crudelissime
962 1309 1166 1384 spargerent
1182 1321 1261 1367 cnm
1275 1323 1409 1387 cruore.

490 1466 582 1542 Quod
595 1466 715 1532 lictores
731 1463 811 1530 boati
825 1465 976 1550 conmorit
988 1465 1089 1552 epoho
1104 1473 1286 1552 rapacem
1302 1475 1330 1534 ot
1346 1468 1384 1534 de

730 1565 796 1651 ojus
811 1566 963 1650 nmrtyrc'r'
976 1565 1137 1654 dignitato.

510 1686 698 1753 Translate
719 1688 764 1752 ad
788 1688 942 1752 caelestia
965 1693 1117 1771 martyre
1144 1687 1308 1770 glorioso,
1331 1680 1410 1750 ¹ue·

460 1786 556 1853 fandi
571 1787 710 1852 lictores
727 1806 806 1851 cnm
823 1788 896 1851 suis
917 1788 1142 1870 complicibus
1159 1786 1408 1870 supellectilem

460 1886 623 1971 martyris
650 1894 685 1951 et
710 1886 913 1951 clericorum
934 1886 1011 1970 ejus
1032 1894 1147 1950 vestes
1172 1892 1208 1950 et
1234 1887 1408 1952 ministro-

459 2004 537 2048 rum
566 1983 779 2050 officinarum
809 1986 962 2050 omnium
995 1985 1157 2049 utensilia
1183 1985 1321 2067 penitus
1352 2005 1409 2049 ra-

460 2092 621 2166 puerunt.
673 2084 810 2169 Corpus
831 2092 947 2149 antem
973 2084 1240 2162 sanctissimum,
1257 2084 1351 2168 qnod
1372 2085 1409 2147 in

460 2183 614 2248 ecclesiae
635 2183 800 2248 decubuit
820 2184 1031 2266 pavimento,
1057 2190 1139 2248 ante
1162 2183 1277 2266 majus
1298 2183 1410 2247 altare

460 2289 514 2348 est
538 2284 603 2348 suh
627 2283 736 2366 ipsius
762 2283 831 2348 diei
858 2282 1061 2366 crepusculo
1089 2282 1319 2364 deportatum,
1349 2283 1410 2346 ubi

459 2382 552 2464 quod
578 2383 675 2464 prius
696 2383 741 2447 ad
766 2381 937 2448 notitiam.
953 2380 1060 2446 solius
1083 2381 1285 2446 cubicularii
1304 2381 1409 2445 deve-

459 2489 570 2556 nerat,
594 2481 811 2546 adstantibus
835 2487 918 2545 tunc
939 2481 1073 2546 cunctis
1097 2480 1250 2544 venitin
1274 2479 1407 2560 lucem;

458 2578 540 2643 licet
563 2580 655 2644 enim
680 2579 960 2662 archiepiscopus
986 2579 1141 2643 habiturn
1168 2578 1409 2657 monachilem,

458 2696 561 2758 quem
579 2697 602 2741 a
618 2685 773 2761 tempore
794 2697 867 2742 suae
890 2677 1116 2761 promotionis
1135 2677 1270 2742 occulte
1291 2686 1409 2760 porta·

458 2784 570 2854 uerat,
599 2776 720 2841 habitu
751 2777 945 2842 canonicali
978 2777 1240 2860 suppressisset,
1270 2796 1409 2841 carnem

459 2882 576 2939 tamen
595 2875 710 2940 cilicio
724 2875 880 2942 attritam
897 2896 977 2941 cnm
997 2875 1235 2940 soemoralihus
1251 2875 1408 2954 cilicinis,

458 2973 550 3056 qnod
577 2973 736 3038 saerata
762 2976 888 3040 seculis
912 2975 1120 3051 inauditum,
1145 2992 1284 3038 carnem
1308 2993 1408 3038 cura-

458 3079 558 3150 ¹verat
573 3075 755 3153 edomare;
778 3080 826 3151 et,
842 3081 881 3138 nt
900 3075 1020 3156 aliqua
1036 3073 1186 3138 breviter
1198 3073 1408 3156 perstringa-

458 3190 535 3236 mus
558 3191 636 3254 quae
658 3180 881 3250 concurrunt,
902 3172 958 3237 die
978 3172 1106 3237 Martis
1130 3171 1407 3255 archiepiscopus

458 3271 551 3353 apud
576 3270 892 3355 Northamptonam
911 3290 935 3335 a
955 3272 1051 3336 cuna
1070 3270 1162 3353 regis
1181 3271 1336 3349 recessit,
1352 3271 1408 3335 die

459 3369 586 3434 Martis
609 3372 752 3437 recessit
769 3372 812 3435 ah
829 3369 960 3453 Anglia
981 3369 1125 3434 exilium
1146 3370 1335 3447 subiturus,
1351 3370 1408 3434 die

459 3467 586 3534 Martis
607 3478 782 3552 praecepto
804 3468 934 3540 domini
956 3487 1057 3551 papre
1078 3475 1255 3532 revertens
1276 3469 1313 3532 in
1330 3467 1407 3533 An·

458 3567 565 3648 gliam
587 3575 641 3632 est
660 3569 840 3651 appulsus,
861 3573 897 3631 et
917 3567 973 3631 die
991 3568 1118 3632 Martis
1137 3567 1304 3651 martyrio
1323 3588 1406 3632 con-

458 3673 662 3731 summatus.
714 3667 887 3750 Sequente
907 3685 990 3731 vero
1012 3666 1067 3730 die
1091 3667 1255 3731 Mercurii
1273 3686 1407 3730 summo

457 3763 610 3828 diluculo
626 3785 744 3830 rumor
764 3766 945 3843 increbuit,
961 3766 1055 3847 quod
1072 3765 1210 3829 nefandi
1228 3765 1407 3830 carnifices

455 3881 581 3944 corpus
605 3864 853 3947 archiepiscopi
871 3865 1073 3929 abstrahere
1094 3866 1138 3929 ab
1160 3865 1307 3929 ecclesia
1328 3885 1407 3929 con-

482 4027 590 4080 ¹Vuluur
599 4033 714 4095 recepit]
725 4031 733 4060 ‘
743 4033 860 4084 Quatuor
867 4049 920 4082 om·
979 4031 990 4061 ²
1001 4031 1111 4092 Nesondi
1127 4027 1247 4098 liriorta]
1261 4033 1269 4059 ‘
1280 4033 1407 4082 Rohertus

457 4099 517 4148 nino
530 4101 620 4150 habuit
636 4102 703 4150 ictus
720 4107 823 4151 sanctus
839 4103 920 4152 archi·
943 4102 976 4151 de
984 4102 1051 4152 Broc
1058 4107 1084 4152 et
1092 4101 1295 4163 surcomphces
1301 4102 1407 4163 Diceto;

457 4169 603 4232 episcopus,
619 4185 706 4220 onmes
725 4171 751 4219 in
773 4172 873 4235 capite3
895 4177 921 4221 et
943 4171 1007 4222 stom
1019 4172 1102 4222 whom
1113 4170 1156 4219 the
1167 4184 1264 4218 accon
1248 4170 1315 4218 utet
1324 4172 1409 4222 Beck·

458 4252 549 4323 coropa
568 4240 660 4300 capitis
676 4245 729 4289 tota
747 4242 771 4290 ei
788 4246 919 4303 amputata
943 4237 989 4290 et’s
1000 4241 1098 4292 death
1090 4255 1113 4290 re
1124 4239 1202 4289 taken
1217 4239 1308 4288 almost
1318 4242 1408 4290 verba·

458 4311 512 4354 est·
506 4302 650 4369 :,Stephen
661 4325 688 4370 p.
701 4314 741 4386 ⁸⁷?
943 4312 996 4362 tim.
