3178 5194
460 529 526 595 374
710 546 846 594 noorai
871 545 917 593 os
941 543 1149 593 wnuoovna

298 727 422 773 annus
461 722 565 787 qnam
581 702 748 784 peditum,
763 701 914 785 plurima
935 702 1000 766 sibi
1022 700 1236 784 suffragante
1258 705 1412 778 caterva,

462 822 569 868 naves
590 802 758 880 ascendit,
783 808 830 880 et,
848 802 935 866 velis
958 801 995 866 in
1018 801 1127 865 altum
1153 799 1330 884 expansis,
1348 818 1412 883 ap·

460 901 586 984 plicuit
606 901 643 965 in
666 901 847 966 Suthfolca
868 902 961 984 apud
976 901 1201 965 Waletunam
1223 899 1326 965 tertio
1347 898 1412 962 ka-

465 1001 587 1066 lendas
618 1001 793 1078 Octobris,
825 1001 886 1083 qui
917 1000 1065 1066 navibus
1091 1019 1171 1064 cum
1192 999 1413 1064 festinatione

464 1119 626 1183 egressus
662 1108 814 1164 castrum
851 1099 1006 1184 ejusdem
1039 1099 1132 1164 villae
1167 1098 1314 1177 obsedit,
1351 1099 1413 1162 sed

464 1199 550 1264 nihil
576 1199 715 1264 omnino
736 1199 902 1282 proiecit3
930 1199 1078 1282 indeque
1099 1198 1324 1280 progrediens
1346 1203 1414 1262 ter-

465 1300 515 1363 tio
537 1299 615 1364 idus
633 1298 795 1364 Octobris
816 1299 997 1363 castellum
1020 1299 1062 1363 de
1085 1297 1252 1380 Hagenet
1272 1295 1412 1373 invasit,

462 1399 559 1481 cepit
574 1406 610 1464 et
623 1398 813 1477 succendit,
828 1405 864 1463 et
880 1398 1007 1463 milites
1023 1398 1168 1479 triginta
1181 1397 1275 1461 intus
1291 1403 1415 1479 captos

465 1495 510 1561 ad
537 1497 807 1580 redemptionem
832 1498 963 1581 coegit,
1011 1495 1226 1579 Regrediens
1254 1495 1334 1560 inde
1368 1495 1413 1559 ad

466 1596 744 1679 Fremingeham,
768 1616 847 1660 cum
870 1615 968 1662 mora
993 1596 1069 1680 ejus
1101 1613 1247 1660 onerosa
1263 1592 1412 1676 Hugoni

466 1695 581 1776 Bigod
629 1695 764 1760 castelli
801 1695 941 1761 domino
977 1695 1164 1772 videretur,
1208 1693 1414 1759 necessitate

466 1794 591 1859 ductus
622 1795 774 1859 animum
806 1794 936 1859 direxit
961 1803 998 1860 et
1027 1813 1185 1878 gressum
1221 1794 1266 1858 ad
1301 1793 1413 1875 Lege·

466 1894 628 1959 cestriam
644 1893 868 1960 visitandum.
921 1894 995 1958 Iter
1016 1894 1124 1977 igitur
1143 1893 1311 1976 arripiens
1334 1912 1415 1976 pro·

466 1983 585 2076 posuit
623 1996 772 2075 burgum
802 1993 915 2058 sancti
946 1993 1141 2057 Eadmundi
1169 2013 1215 2058 ex
1244 1992 1416 2057 industria

466 2092 633 2158 itinerans
666 2092 870 2172 sinistrare3
902 2092 996 2176 quod
1026 2093 1200 2157 exercitus
1222 2092 1314 2174 regis
1338 2088 1414 2156 An·

466 2191 560 2274 gliae,
575 2192 636 2276 qui
652 2193 696 2257 ad
713 2193 836 2275 patriae
850 2192 944 2256 illius
966 2191 1159 2256 custodiam
1175 2191 1289 2256 fuerat
1305 2189 1417 2272 assig-

468 2297 585 2369 natus,
610 2312 681 2356 non
702 2292 845 2357 latebat.
896 2290 1054 2375 Stipatus
1071 2311 1154 2374 ergo
1171 2310 1285 2356 comes
1304 2289 1415 2372 Lege·

469 2391 653 2455 cestrensis
667 2391 778 2456 milite
791 2391 944 2474 copioso,
958 2391 1017 2474 qui
1033 2399 1177 2474 paratus
1199 2391 1243 2455 ad
1263 2409 1416 2473 pugnam

467 2497 558 2566 erat,
578 2490 615 2553 in
639 2491 749 2556 tribus
773 2491 925 2555 millibus
948 2490 1226 2568 Flandrensium,
1250 2509 1338 2572 quos
1351 2489 1416 2554 riae

445 2669 449 2676 1
470 2588 658 2671 participes
673 2597 755 2654 tunc
769 2587 899 2666 habuit,
917 2611 986 2655 non
1009 2590 1188 2653 minimum
1210 2589 1417 2654 confidebat.

472 2684 567 2750 Inito
593 2688 712 2771 itaque
738 2690 937 2767 certamine,
965 2697 1001 2754 et
1028 2688 1155 2755 ictibus
1175 2687 1307 2754 ictuum
1330 2688 1418 2752 assi·

470 2783 603 2850 duitate
636 2779 854 2871 compressis,
890 2795 971 2871 post
1004 2789 1086 2853 belli
1121 2789 1235 2853 varios
1273 2794 1418 2852 eventus

471 2902 586 2948 comes
611 2893 647 2950 et
680 2887 867 2965 comitissa,
896 2887 1139 2965 Flandrenses,
1164 2887 1359 2952 Normanni
1383 2894 1418 2951 et

473 2981 600 3048 Franci
615 2991 650 3049 et
666 2986 727 3068 qui
741 3006 820 3050 cum
834 2987 885 3051 eis
899 2995 1078 3066 venerant,
1095 3005 1213 3051 omnes
1234 2987 1420 3070 capiuntur

468 3081 603 3149 decimo
631 3092 733 3150 sexto
763 3084 930 3151 kalendas
960 3086 1180 3151 Novembris.
1232 3085 1419 3151 comitissa

471 3201 554 3246 vero
582 3183 749 3248 annulum
777 3185 908 3250 habens
938 3185 973 3249 in
1008 3185 1118 3268 digito
1154 3184 1344 3268 pretiosum
1381 3185 1419 3247 in

470 3299 604 3346 amnem
635 3303 742 3366 prope
772 3284 936 3348 fluentem
963 3304 1036 3367 prae
1068 3284 1307 3368 indignatione
1337 3303 1419 3367 pro-

466 3379 565 3463 jecit,
581 3382 701 3446 nolens
720 3381 878 3447 hostibus
904 3384 976 3447 suis
997 3383 1040 3447 de
1066 3402 1131 3448 sua
1156 3383 1315 3467 captione
1340 3390 1418 3447 tan·

472 3484 546 3541 tum
575 3479 701 3560 habere
732 3488 950 3565 proventum.
1009 3481 1166 3548 Tandem
1198 3501 1279 3566 pars
1308 3481 1420 3567 major

474 3576 738 3644 Flandrensium
763 3581 942 3658 occiditur,
969 3601 1052 3664 pars
1080 3583 1238 3666 quaedam
1266 3582 1421 3646 submer-

471 3675 577 3758 gitur,
594 3697 676 3760 pars
691 3679 833 3743 minima
850 3681 894 3744 ad
911 3681 1050 3745 vincula
1067 3681 1217 3766 trahitur
1229 3680 1419 3768 subeunda,

471 3794 541 3858 quo
555 3778 720 3842 carcerali
737 3779 905 3848 custodies
920 3779 1118 3863 deputetur.

503 3937 593 4017 Quod
607 3961 662 4004 rea·
678 3940 836 4006 Hearicm
849 3942 959 4008 maltos
975 3943 1105 4009 bociam
1118 3965 1244 4010 ruarmo
1260 3945 1384 4030 ceperit.

304 4089 428 4180 fflffi'
518 4055 633 4144 Rege¹
669 4063 866 4147 Anglorum
903 4074 1002 4149 patre
1033 4067 1126 4150 apud
1157 4067 1419 4150 Rothomagum

304 4189 415 4241 arrenny.
466 4171 715 4240 commorante,
746 4167 943 4230 nuntiatum
978 4174 1032 4231 est
1069 4167 1113 4243 ei,
1145 4167 1290 4232 electam
1327 4167 1419 4248 regis

571 4319 826 4388 ¹RegeAnglorum]
843 4327 1002 4390 Diceto,col.
1014 4331 1063 4377 574
1071 4343 1079 4390 ;
1098 4328 1232 4390 Heroden,
1243 4333 1301 4379 555.
