3178 5194
462 545 603 598 rnoans
627 547 900 601 ursronrrsuu.
1093 531 1160 598 425

207 707 308 777 dinus
324 730 402 775 curn
425 710 572 793 strepitu
590 717 832 795 tympanorum
849 718 885 776 et
906 709 1094 776 tubicinum
1114 711 1161 775 ad
1172 721 1297 763 uranu.

208 811 374 895 templum
395 810 615 892 properabat,
638 819 673 877 et
696 830 799 875 cruce
818 829 897 895 qnae
918 812 955 876 in
977 830 1018 875 eo
1045 817 1161 876 erecta

210 912 327 975 stabat
346 910 517 992 deposita,
539 909 729 993 ejectisque
749 930 828 995 quae
848 909 1038 975 Christiani
1055 927 1161 974 vene-

210 1012 389 1087 rabantur,
405 1008 572 1091 templum
588 1010 683 1073 intus
701 1016 737 1074 et
756 1017 857 1075 extra
877 1028 969 1092 aqua
989 1005 1162 1074 lustrabat

212 1129 364 1186 rosacea,
382 1116 418 1174 et
440 1109 491 1172 sic
507 1110 633 1173 erroris
652 1111 707 1174 sni
722 1110 986 1192 superstitiones
1000 1129 1062 1192 per
1075 1127 1162 1192 qua·

212 1209 292 1274 tuor
308 1208 456 1291 angulos
476 1206 595 1291 templi
612 1227 739 1291 magno
756 1207 838 1273 fecit
858 1208 1007 1292 strepitu
1024 1208 1163 1273 concla-

211 1309 319 1389 mari3
349 1306 530 1372 ecclesiam
552 1316 684 1373 sanctae
707 1307 968 1373 resurrectionis
988 1314 1023 1372 et
1044 1307 1163 1391 sepul-

212 1408 331 1472 chrum
352 1406 572 1472 Dominicum
594 1425 672 1471 cum
696 1406 782 1470 locis
807 1406 885 1470 aliis
907 1407 1162 1471 venerabilibus

213 1507 420 1591 quibusdam
439 1505 595 1588 Syrianis
615 1507 680 1571 sub
700 1513 796 1571 certo
813 1507 993 1571 constituit
1009 1503 1161 1586 tribn‘t03

212 1606 348 1672 atinde
369 1605 575 1670 festinanter
602 1621 809 1689 progressus
830 1608 934 1670 urbes
955 1625 1074 1672 omnes
1096 1606 1163 1670 cir·

212 1724 429 1790 cumquaquc
450 1706 583 1788 positas
600 1713 636 1771 et
651 1707 779 1790 oppida
800 1707 1014 1791 subjugavit,
1036 1713 1164 1790 praeter

213 1804 421 1870 Ascalonem
440 1811 476 1868 et
497 1805 642 1889 Tyrum,
660 1812 696 1869 et
717 1805 831 1884 Crach
851 1807 945 1870 ultra
961 1805 984 1869 J
987 1805 1163 1885 ordanem,
1190 1811 1192 1816 '

211 1905 303 1991 quod
321 1905 390 1968 alio
405 1903 541 1968 nomine
558 1903 684 1968 dicitur
700 1904 962 1986 Mons-regalis.

132 2121 137 2130 ·
217 2078 402 2149 ,Proltbta‘o
410 2101 506 2165 pupae
521 2100 559 2144 ue
573 2031 697 2144 corbeio
711 2079 748 2143 de
763 2077 923 2142 Atuatuca
938 2083 1145 2144 construatur.

275 2202 406 2268 Eodem
433 2222 525 2267 anno
551 2221 645 2289 papa
673 2202 838 2267 Urbanus
868 2201 1007 2285 scripsit
1034 2201 1160 2266 Balde-
1174 2214 1310 2306 wige

213 2301 316 2380 irino,
349 2302 591 2368 Cantuariensi
626 2303 898 2386 archiepiscopo,
927 2321 991 2385 pro
1022 2303 1161 2384 negotio
1174 2276 1329 2406 §adponi

211 2403 401 2467 'conventus
418 2402 573 2467 ecclesiae
591 2402 745 2486 ejusdcm
762 2401 799 2466 iu
816 2401 891 2466 baec
909 2402 1033 2480 verba3
1055 2395 1083 2436 ¹‘
1097 2401 1162 2467 Di·
1191 2375 1251 2405 Μ
1264 2375 1312 2416 '¹¹⁷'

211 2501 292 2566 lecti
311 2502 373 2566 filii
394 2503 517 2579 nostri,
539 2502 634 2584 prior
655 2508 691 2566 ct
710 2508 902 2566 conventus
925 2500 1078 2566 ecclesiae
1098 2500 1162 2565 tibi

212 2603 416 2680 commissae,
432 2602 476 2666 ad
489 2608 642 2666 nostram
661 2601 880 2684 praesentiam
894 2601 1013 2664 literas
1024 2608 1059 2666 et
1075 2619 1163 2670 nun-

212 2702 280 2765 tios
301 2701 515 2766 destinantes
536 2709 791 2785 proposuerunt
816 2701 859 2766 de
883 2701 1040 2778 ecclesia,
1057 2718 1163 2785 quam

212 2800 384 2865 aedificare
400 2802 551 2885 coepisti,
569 2808 705 2867 tantum
722 2803 788 2867 sibi
804 2809 839 2868 et
852 2801 1006 2867 ecclcsiae
1024 2801 1162 2884 dispens

214 2897 306 2959 dium
327 2908 585 2979 proventurum,
606 2903 710 2985 quod,
725 2904 793 2966 nisi
808 2902 912 2967 fuerit
928 2902 972 2966 ab
990 2901 1065 2985 ejus
1082 2920 1163 2965 con-

214 2995 404 3058 structione
424 3007 611 3075 cessatum,
629 3004 832 3084 praescripta
851 3002 996 3066 ecclesia
1012 3017 1084 3064 suae
1101 2999 1160 3064 ho·

214 3093 360 3155 nestatis
384 3099 420 3155 et
441 3101 555 3159 status
575 3098 769 3162 miserabile
790 3100 956 3180 suscipiet
977 3098 1162 3164 detrimen-

214 3198 308 3272 tum3
338 3210 401 3255 nos
424 3198 539 3255 autern
563 3194 710 3259 sollicite
731 3195 910 3278 providere
927 3194 1095 3272 volentes,
1117 3218 1162 3262 ne

213 3291 303 3356 inter
323 3299 359 3356 te
381 3300 417 3356 et
438 3292 562 3356 fratres
585 3299 663 3357 tuos
687 3293 833 3358 matoria
857 3302 1033 3358 remaneat
1049 3295 1162 3378 jurgi.

214 3409 325 3468 orum,
348 3409 424 3456 cum
454 3410 522 3455 non
545 3399 693 3474 possunt
718 3393 963 3458 convenienter
983 3393 1161 3459 intendere

214 3489 340 3556 divinis
363 3491 550 3574 obsequiis,
568 3490 628 3574 qui
651 3492 791 3557 suntin
813 3491 1102 3571 contentionibus
1119 3494 1162 3558 de

213 3590 356 3654 consilio
382 3590 528 3654 fratrum
550 3598 745 3656 nostrorum
766 3591 945 3656 monemus
964 3591 1162 3657 interrita

213 3695 282 3752 tem
298 3697 333 3754 et
349 3691 504 3755 districte
515 3692 747 3774 praecipimus,
758 3697 942 3774 quatenus,
957 3691 1066 3756 donec
1081 3712 1163 3756 cau-

213 3807 254 3852 sa
278 3791 418 3872 cognita
446 3798 641 3855 statuamus
666 3791 749 3874 quid
770 3791 813 3854 de
833 3791 910 3874 ipsa
930 3791 1004 3855 lieri
1026 3790 1162 3870 debeat,

212 3890 306 3953 omui
328 3891 508 3954 occasione
528 3898 563 3955 et
581 3891 814 3973 appellatione
833 3891 1038 3974 postposita,
1057 3892 1101 3955 ab
1121 3893 1162 3956 il-

214 3987 282 4050 lius
305 3991 459 4054 ecclesiae
485 3990 742 4054 constructione
766 3991 926 4067 desistas,
949 3991 1057 4055 literis
1084 3991 1161 4055 aliis

212 4107 280 4151 nou
310 4089 528 4153 obstantibus
558 4108 579 4153 a
610 4089 705 4186 sede¹
724 4090 916 4173 apostolica
944 4090 1162 4172 impetratis!

229 4257 361 4330 ¹Dilecti.]
377 4265 480 4328 Diaeta,
490 4264 538 4314 col.
550 4269 608 4315 6³5.
644 4266 676 4315 ln
687 4265 729 4316 tha
737 4270 791 4316 text
801 4267 822 4315 it
831 4266 854 4316 is
865 4265 1004 4316 somewbat
1014 4265 1146 4330 abridgcd.
