3190 5202
452 495 497 560 22
715 505 851 556 nouum
875 505 923 554 ns
945 505 1153 556 wuunovna

292 682 349 723 en.
360 681 417 720 1⁰⁸³·
456 670 616 727 matrona
639 661 824 726 admodum
848 660 975 725 nobilis
998 668 1034 726 et
1055 659 1229 742 religiosa,
1245 659 1288 722 de
1311 661 1409 744 cujus

296 930 363 970 Book.

456 761 622 844 largiflua
660 760 869 824 liberalitate
908 765 1031 824 sancta
1071 758 1212 822 laetatur
1251 758 1410 824 ecclesia.

293 879 414 928 mmo-ur
458 860 590 924 Eodem
607 868 762 943 ternpore
785 877 848 922 rex
864 857 1062 921 Willelmus
1085 857 1180 921 misit
1194 855 1409 940 justiciarios

458 979 522 1041 per
538 977 656 1022 omnes
672 957 813 1038 Angliae
832 956 1029 1032 comitatus,
1052 962 1088 1019 et
1107 949 1296 1037 ¹inquirere
1317 954 1412 1031 lecit,

459 1066 545 1139 quot
565 1076 655 1120 acrae
672 1056 729 1120 vel
743 1056 871 1139 jugera
886 1061 988 1117 terrae
1002 1054 1064 1117 uni
1080 1060 1197 1116 aratro
1216 1051 1412 1118 sufficerent

459 1176 522 1238 per
550 1175 679 1219 annum
709 1155 747 1217 in
772 1153 918 1233 singulis
946 1152 1050 1228 villis,
1075 1158 1111 1214 et
1137 1157 1223 1233 quot
1247 1151 1412 1215 animalia

459 1260 604 1335 possent
626 1251 781 1316 sufficere
798 1251 843 1313 ad
859 1251 962 1313 unius
977 1250 1069 1314 hidae
1085 1250 1268 1314 culturam.
1314 1251 1413 1314 Fecit

462 1353 567 1416 etiam
582 1350 711 1432 inquiri
725 1349 768 1412 de
783 1349 936 1425 urbibus,
947 1347 1225 1425 castellis‚villis‚
1236 1349 1334 1425 vicis,
1349 1347 1414 1410 fiu-

463 1450 626 1523 minibus,
650 1447 845 1530 paludibus,
868 1446 978 1524 silvis,
1007 1465 1108 1528 quem
1132 1466 1272 1510 censum
1294 1446 1416 1510 redde·

465 1555 543 1610 rent
566 1565 791 1628 perannum,
815 1552 850 1609 et
874 1551 959 1627 quot
981 1545 1108 1609 milites
1135 1551 1250 1608 essent
1272 1545 1309 1607 in
1329 1563 1415 1608 nno-

466 1664 604 1728 quoque
627 1644 792 1708 comitatu
812 1644 931 1724 regni3
955 1663 1034 1724 quse
1055 1643 1171 1706 omnia
1191 1642 1228 1706 in
1250 1643 1416 1725 seriptum

467 1743 620 1819 redacta,
647 1751 682 1806 et
707 1743 751 1806 ad
767 1741 1118 1806 westmonasterium
1140 1741 1268 1818 delata,
1286 1743 1323 1804 in
1343 1741 1417 1804 the-

469 1842 581 1906 sauris
601 1860 722 1922 regum
742 1859 853 1922 usque
875 1839 978 1904 hodie
999 1847 1231 1904 reservantur.
1283 1839 1419 1903 Deinde

468 1940 511 2004 de
536 1958 745 2021 unoquoque
775 1946 904 2016 aratro,
930 1939 966 2002 id
992 1945 1047 2002 est
1071 1938 1155 2001 hida
1175 1943 1290 2015 terrae,
1312 1939 1420 2002 totius

469 2039 567 2120 regni
583 2057 646 2103 sex
664 2037 794 2102 solidos
808 2038 901 2119 cepit
917 2038 1064 2118 argenti.

586 2211 636 2273 Dc
652 2209 812 2273 uoluntate
827 2207 911 2272 iuter
924 2205 1079 2272 &chaum
1093 2206 1267 2270 awanam
1281 2212 1310 2272 at

835 2305 1059 2389 imperatorem.

526 2428 632 2492 Anno
648 2428 790 2492 Domini
806 2443 994 2490 unxxxlv.
1011 2427 1161 2491 Romani
1182 2426 1424 2509 imperatorem

333 2503 437 2631 :3323
478 2527 672 2590 Henricum
699 2533 913 2607 receperunt,
938 2533 1020 2590 eta
1045 2532 1177 2609 papatu
1206 2523 1426 2608 abjudicatur

339 2651 394 2682 sem
409 2650 462 2680 eor·
477 2645 595 2689 eorum
620 2624 752 2709 judicio
782 2624 1063 2703 Hildebrundus3
1104 2624 1203 2708 cujus
1232 2623 1424 2699 wibertus,

478 2722 720 2792 Ravennensis
737 2724 832 2788 urbis
847 2722 1137 2806 archiepiscopus,
1150 2724 1187 2786 in
1203 2723 1318 2786 sedem
1341 2740 1426 2803 apo-

477 2823 635 2890 stolicam
655 2822 909 2888 inthronizatur
927 2829 963 2886 et
981 2821 1141 2886 Clemens
1155 2820 1364 2896 nominatur,
1382 2839 1425 2884 ac

472 2924 569 3007 juste
585 2940 703 2986 omnes
719 2919 997 2985 Hildebrandum
1013 2919 1120 2984 fuisse
1134 2919 1328 3002 depositum
1341 2938 1426 2983 con-

477 3022 641 3094 clamant,
671 3025 836 3099 tanquam
869 3018 964 3083 laesae
998 3017 1192 3100 majestatis
1223 3038 1331 3094 reum,
1365 3020 1426 3100 qui

478 3124 600 3182 eontra
614 3117 856 3198 imperatorem
874 3116 979 3180 alium
995 3117 1179 3180 ordinavit.
1203 3116 1280 3180 Illis
1297 3123 1427 3195 autem,

479 3216 540 3297 qui
566 3214 918 3292 contrasentiebant,
946 3208 1240 3291 'reclamantibus
1268 3224 1428 3280 asserunt

479 3330 667 3396 paucorum
700 3319 735 3375 et
766 3313 932 3375 laicorum
959 3311 1092 3395 judicio
1119 3332 1245 3395 papam
1277 3314 1429 3378 amoveri

362 3408 364 3410 ’
480 3429 549 3473 non
572 3428 693 3491 posse;
717 3415 764 3484 et,
782 3409 874 3491 quod
890 3409 1031 3490 gravius
1049 3417 1113 3487 est,
1130 3412 1166 3474 in
1184 3412 1261 3474 loco
1278 3412 1429 3476 viventis

480 3509 632 3592 episcopi
658 3527 727 3572 non
750 3507 873 3572 debere
898 3508 1004 3572 alium
1026 3508 1190 3572 ordinari.
1253 3508 1428 3574 Henricus

480 3606 656 3674 tamenin
680 3606 823 3688 imperio
846 3607 1028 3670 restitutus
1048 3613 1114 3682 est,
1140 3615 1176 3670 et
1197 3626 1220 3670 a
1240 3626 1334 3691 papa
1351 3608 1430 3672 Cle·

480 3714 594 3770 mente
610 3705 824 3769 benedicitur
837 3704 1004 3785 patricius
1014 3704 1265 3768 Romanorum.
1300 3705 1430 3770 Eodem

481 3823 619 3888 quoque
655 3821 746 3866 anno
780 3802 1038 3866 Cassinensium
1068 3803 1187 3879 abbas,
1217 3804 1430 3881 Desiderius,

517 4013 753 4078 ¹Inquireresecit.]
771 4015 834 4063 This
841 4029 896 4064 was
903 4015 945 4064 the
970 4017 1022 4065 tion
1040 4022 1066 4065 to
1076 4018 1131 4067 that
1142 4019 1230 4068 record
1241 4021 1275 4082 by
1286 4021 1327 4070 Sir
1339 4022 1375 4072 H.
1387 4023 1432 4071 El·

481 4085 562 4146 ori'gin
573 4084 602 4133 ol
609 4083 651 4132 the
666 4085 809 4134 invaluable
820 4085 908 4134 record
919 4085 949 4133 οἱ
969 4086 1012 4147 lis,
1022 4087 1040 4135 i.
1052 4102 1079 4148 p.
1090 4091 1115 4136 4.

482 4153 628 4213 Domesday
637 4153 719 4214 Book,
729 4169 798 4216 upon
810 4154 894 4203 which
902 4154 944 4204 the
1005 4153 1245 4228 'Reclamantibus,]
1269 4160 1382 4222 wanting
1405 4162 1432 4210 in

482 4222 571 4269 render
581 4235 640 4281 may
651 4224 750 4271 consult
759 4223 801 4271 the
811 4224 944 4273 Introduc-
971 4226 1000 4274 C.
