3104 5186
432 520 476 584 90
685 535 818 582 ucesiu
843 533 890 580 nn
913 531 1121 581 wuncovnn

274 710 396 752 err-10⁹⁷.
434 694 527 757 iridi.
586 693 762 756 Robertus
793 692 866 756 dux
899 690 1181 755 Normannorum
1213 686 1388 770 quandam

271 763 528 875 hiddilacepit
551 794 669 856 urbem
694 791 816 856 Azena
842 798 1015 867 vocatam,
1040 797 1075 854 et
1101 789 1196 853 dedit
1219 807 1295 855 earn
1323 807 1390 852 sno

436 891 537 956 militi
554 893 716 956 Simeoni.
768 891 854 955 Dux
872 890 1098 954 Boamundns
1118 895 1153 952 et
1172 907 1286 952 comes
1303 887 1390 950 Rei-

436 993 585 1055 mundus
609 999 775 1073 ceperunt
802 991 906 1054 aliam
929 991 1062 1067 urbem,
1085 1007 1189 1072 quam
1214 987 1321 1050 Petro
1345 986 1390 1048 de

438 1090 587 1174 Alpibus
610 1091 856 1169 contulerunt;
881 1089 961 1152 inde
978 1089 1030 1170 ad
1041 1089 1146 1152 Oxan
1166 1087 1312 1170 proiecti
1328 1105 1389 1148 ur·

436 1181 527 1260 bem,
540 1191 774 1267 obtinuerunt,
799 1196 835 1253 et
865 1188 992 1253 Petrus
1017 1189 1060 1253 de
1088 1187 1270 1251 Russillun
1295 1184 1390 1266 cepit

439 1290 568 1354 Ruiam
583 1297 619 1354 et
634 1290 784 1372 plurima
798 1288 943 1353 castella
957 1288 1107 1369 subegit.
1149 1285 1297 1350 Guelsus
1313 1284 1389 1366 qui-

438 1389 531 1467 dam,
557 1390 699 1454 natione
723 1387 947 1470 Burgundus,
963 1385 1102 1450 Adama
1123 1387 1242 1449 urbem
1268 1383 1389 1466 subju·

438 1489 548 1571 gavit,
575 1495 610 1552 et
633 1487 851 1552 Tancrednm
876 1487 1175 1569 supervenientem
1199 1486 1236 1548 in
1261 1503 1304 1547 ea
1328 1483 1391 1545 be-

438 1588 542 1669 nigne
551 1588 715 1670 suscepit.
747 1586 949 1650 Tancredus
961 1586 1042 1650 inde
1052 1585 1227 1668 proiectus
1243 1577 1390 1648 ¹Maun-

438 1695 547 1752 stram
563 1687 671 1774 venit,
693 1695 739 1765 et,
757 1686 883 1764 Turcis
901 1686 1103 1761 interfectis,
1126 1686 1246 1749 urbem
1270 1681 1392 1764 subju-

439 1788 538 1868 gavit
551 1807 560 1866 ;
582 1787 662 1852 inde
678 1787 722 1852 ad
738 1787 904 1850 minorem
913 1784 1163 1850 Alexandriam
1178 1782 1391 1848 descendens

439 1888 559 1950 urbem
581 1887 732 1951 obtinuit
754 1893 789 1950 et
803 1886 1018 1969 provinciam
1032 1885 1098 1948 sibi
1115 1891 1225 1948 totam
1240 1883 1392 1963 subegit.

440 1987 677 2064 Baldewinus,
697 1986 805 2050 frater
829 1985 927 2049 ducis
944 1983 1136 2062 Godesridi,
1161 1983 1205 2047 ad
1223 1983 1391 2066 majorem

440 2105 616 2151 reversum
637 2087 840 2162 exercitum,
861 2092 1041 2168 assumpta
1060 2083 1195 2159 militia,
1214 2083 1252 2145 in
1272 2089 1392 2165 partes

440 2187 728 2269 septentrionales
744 2185 933 2262 descendit,
952 2193 987 2249 et
1008 2183 1184 2265 regionem
1205 2189 1317 2246 totam
1335 2201 1394 2245 us-

442 2306 509 2368 que
542 2286 587 2350 ad
616 2285 829 2369 Euphratem
854 2285 891 2348 in
913 2304 978 2348 sua
1005 2283 1089 2366 jura
1119 2283 1269 2364 recepit:
1306 2281 1395 2344 exiit

442 2404 526 2464 ergo
551 2385 646 2448 fama
675 2385 751 2467 ejus
778 2384 823 2447 ad
845 2383 938 2448 cives
969 2383 1177 2460 Edessanos,
1206 2381 1265 2464 qui
1296 2387 1395 2444 trans

443 2484 571 2548 flumen
588 2483 804 2561 habitabant,
820 2482 912 2565 quod
927 2490 1047 2547 tantus
1062 2483 1222 2565 princeps
1236 2481 1278 2544 de
1289 2488 1394 2562 gente

444 2582 632 2646 occidentis
645 2583 846 2659 advenerat,
858 2576 937 2665 ²qui
950 2590 1114 2647 vocantes
1125 2601 1205 2645 eum
1217 2580 1396 2644 humiliter

445 2683 629 2763 rogabant,
643 2689 682 2746 ut
704 2683 769 2745 sibi
794 2690 829 2746 et
852 2702 925 2746 suae
948 2681 1082 2747 civitati
1103 2700 1252 2764 praeesse
1272 2681 1397 2761 digna-

445 2789 552 2847 retur.
603 2775 688 2845 ³Est
701 2788 817 2845 autem
835 2781 968 2846 Edessa
985 2781 1110 2845 nobilis
1129 2781 1396 2863 Mesopotamiae

445 2882 582 2958 civitas,
610 2901 688 2964 qnae
716 2881 785 2944 alio
808 2881 945 2945 nomine
969 2881 1088 2962 Rages
1115 2881 1322 2963 appellatur,
1350 2879 1396 2942 ad

447 3000 552 3063 quam
576 2981 706 3044 Tobias
731 2981 846 3044 senior
862 2980 1009 3045 Tobiam
1030 2980 1139 3043 filium
1162 2999 1262 3043 suum
1289 2979 1397 3056 misit,

447 3087 487 3143 ut
503 3099 524 3143 a
541 3080 675 3144 Gabelo
691 3087 840 3162 cognato
856 3098 920 3144 suo
937 3088 1134 3162 reposceret
1154 3080 1271 3143 decem
1286 3079 1397 3142 talen-

447 3185 504 3258 ta;
534 3181 578 3244 ad
601 3180 690 3244 hanc
711 3181 854 3244 veniens
880 3180 1116 3258 Baldewinus,
1143 3199 1165 3243 a
1188 3179 1275 3243 duce
1300 3179 1397 3242 urbis

447 3285 483 3342 et
515 3281 644 3363 populo
679 3281 841 3344 universo
866 3285 955 3343 'cum
992 3279 1105 3362 gloria
1142 3278 1331 3361 suscipitur
1362 3285 1397 3342 et

446 3378 585 3443 honore.
629 3379 717 3444 Inde
732 3381 851 3444 urbem
868 3379 1087 3443 Samosatam
1102 3378 1301 3455 advenienS,
1319 3397 1398 3442 eum

445 3479 590 3544 vidisset
614 3498 690 3544 eam
715 3479 815 3561 quasi
841 3479 1156 3562 inexpugnabilem,
1178 3478 1270 3541 datis
1296 3496 1399 3540 aure·

448 3599 545 3642 orum
557 3581 675 3643 decem
689 3578 853 3656 millibus
871 3580 954 3642 emit
965 3598 1041 3642 eam
1053 3599 1075 3642 a
1091 3579 1177 3642 duce
1194 3577 1346 3642 civitatis
1363 3584 1399 3640 et

447 3677 483 3740 in
499 3698 564 3742 sna
580 3679 664 3761 jura
678 3679 826 3760 recepit3
854 3686 890 3742 et
903 3678 983 3742 inde
1000 3679 1043 3742 ad
1064 3677 1263 3758 Sororgiam
1285 3684 1400 3741 trans-

483 3893 910 3961 ¹Muaoetrom.]‘Mamistram,'C.
936 3897 1026 3946 reader
1047 3911 1107 3958 may
1121 3897 1173 3944 find
1193 3910 1209 3944 a
1226 3894 1338 3943 detuiled
1359 3909 1402 3944 ac·

484 3962 551 4022 ’Qui
569 3971 680 4016 vacanter
696 3968 771 4030 eam]
796 3967 851 4016 The
868 3981 912 4030 go·
937 3972 1014 4016 count
1020 3965 1049 4026 of
1057 3967 1099 4015 the
1108 3965 1247 4015 revolution
1256 3964 1284 4013 of
1292 3964 1402 4027 Edessa,

449 4049 538 4084 vernor
548 4036 577 4085 oi
585 4037 683 4086 Edessa
694 4042 720 4086 at
730 4037 782 4085 this
788 4039 849 4086 time
857 4051 912 4086 was
938 4037 1060 4087 collected
1072 4036 1135 4085 from
1146 4036 1237 4084 Albert
1248 4034 1278 4082 oi
1287 4035 1339 4082 Aix
1350 4036 1401 4083 and

448 4104 588 4168 Theodora,
609 4122 638 4156 or
658 4108 763 4169 Thoros,
781 4122 798 4156 a
815 4106 913 4168 Greek,
937 4107 1008 4156 Will.
1031 4106 1060 4155 of
1084 4107 1160 4169 Tyra,
1181 4105 1316 4166 compared
1338 4105 1403 4153 with

448 4175 539 4235 placed
558 4175 628 4226 there
647 4177 740 4238 hythe
757 4191 871 4240 emperor
887 4176 916 4224 os
937 4176 1063 4226 Matthew
1073 4176 1102 4224 of
1110 4176 1217 4224 Edessa.

449 4244 664 4306 Constantinople.
700 4247 912 4308 Michaud,Hist.
973 4243 1048 4294 3Εει
1059 4251 1138 4294 uatem
1146 4243 1259 4306 Edessa]
1277 4243 1404 4306 Compare

449 4313 495 4362 des
514 4313 596 4364 Orois.
614 4317 632 4366 i.
648 4331 674 4377 p.
690 4321 748 4379 254,
766 4317 851 4366 where
870 4318 912 4365 the
939 4317 993 4366 also
1005 4316 1076 4366 Will.
1088 4315 1116 4364 oi
1125 4317 1201 4375 Tyra,
1211 4329 1238 4375 p.
1251 4316 1307 4362 682.
