3104 5186
477 533 543 597 118
732 547 866 594 nosnnr
890 547 938 593 nn
961 545 1168 594 wnsnovsa

316 724 335 763 n
345 723 371 763 n.
382 723 437 762 eus.
480 711 516 770 et
530 701 723 786 gloriantur
740 704 777 766 in
792 703 922 766 virtute
938 719 1019 778 sua3
1036 706 1174 764 contere
1191 698 1433 763 fortitudinem

317 771 469 863 wisi·-
480 803 630 879 illorum,
645 801 806 878 Domine,
821 809 856 865 et
878 800 1039 882 disperge
1056 799 1147 875 illos,
1162 806 1202 863 ut
1219 806 1435 879 cognoscant

482 903 565 985 quia
585 921 656 965 non
676 907 730 964 est
758 900 848 964 alius
871 900 949 981 [qui
973 898 1121 981 pugnet]
1143 917 1207 980 pro
1230 896 1342 974 nobis,
1365 898 1435 960 nisi

481 1009 521 1066 tu
553 1001 651 1064 Deus
681 999 821 1062 noster!
874 997 963 1061 Haec
994 1004 1030 1061 et
1061 997 1132 1060 alia
1161 995 1323 1059 sacerdos
1352 1015 1434 1058 cum

482 1099 640 1176 dixisset,
657 1097 806 1180 populus
821 1097 932 1160 omnis
952 1096 1071 1159 statim
1086 1094 1131 1158 ad
1145 1096 1335 1158 lamentum
1350 1113 1434 1158 con-

482 1199 642 1274 vertitur,
658 1204 694 1261 et
713 1197 756 1259 de
770 1202 889 1260 reatus
911 1195 965 1257 sni
981 1194 1195 1258 consessione
1213 1193 1301 1256 alius
1324 1193 1434 1256 alium

484 1296 704 1374 cohortatur3
733 1295 868 1358 videres
891 1292 1051 1375 profusas
1077 1290 1262 1374 lachrymis
1284 1290 1434 1355 Christi-

484 1414 630 1459 anorum
658 1411 778 1474 genas,
805 1392 1046 1474 capitibusque
1080 1391 1243 1454 cineratis
1266 1397 1301 1454 et
1328 1391 1433 1454 nudis

484 1491 629 1575 pedibus
651 1491 782 1574 passim
804 1491 971 1555 orationis
993 1489 1109 1571 gratia
1125 1489 1237 1553 omnis
1256 1497 1344 1553 aetas
1364 1490 1435 1554 iter

485 1611 547 1674 per
572 1589 736 1654 ecclesias
761 1590 988 1667 maturabat;
1010 1595 1136 1671 petunt
1157 1587 1351 1664 consilium,
1376 1608 1436 1652 ro-

486 1697 572 1771 gant
588 1689 756 1753 auxilium
772 1690 815 1752 de
830 1688 1000 1770 supernis
1038 1687 1142 1752 Dixit
1157 1706 1240 1767 ergo
1258 1687 1437 1751 Boamnn·

486 1789 563 1864 dus,
578 1788 631 1852 vir
647 1789 685 1852 in
701 1789 846 1852 consilio
865 1786 965 1868 quasi
982 1786 1180 1867 singularis,
1204 1785 1438 1867 ‘optimates

482 1887 592 1970 judici
615 1887 772 1971 juremus
805 1904 923 1950 omnes
950 1885 995 1948 ad
1025 1885 1186 1960 invicem,
1203 1883 1297 1966 quod
1317 1885 1438 1948 nullus

487 1992 642 2049 nostrum
668 1987 710 2049 de
737 1986 805 2049 isto
831 1991 965 2059 sancto,
994 1983 1110 2065 quoad
1134 1983 1273 2059 vixerit,
1299 1985 1439 2046 subter-

486 2084 598 2165 fugiat
635 2083 782 2165 collegio
820 2082 929 2147 donec
962 2082 1146 2162 sepulchro
1183 2082 1338 2158 Domini,
1370 2102 1438 2164 pro

487 2202 556 2265 qno
572 2184 664 2246 viam
679 2182 768 2246 hanc
781 2181 929 2262 ingressi
944 2199 1075 2256 sumus,
1091 2180 1314 2246 deosculato’
1350 2180 1437 2244 Pla·

488 2283 560 2346 cuit
585 2279 767 2344 consilium
794 2278 978 2356 universis,
1000 2285 1047 2355 et,
1063 2280 1203 2361 expleto
1224 2279 1439 2361 juramento,

488 2381 641 2444 animata
670 2387 724 2442 est
742 2386 818 2442 tota
835 2377 987 2441 fidelium
1008 2376 1175 2441 fortitudo
1198 2384 1233 2441 et
1256 2377 1440 2458 magnifice

488 2477 701 2541 confirmata.

680 2647 729 2710 De
743 2646 912 2710 inceptione
928 2645 1039 2712 loooeae
1055 2645 1243 2712 Soleotoris.

326 2782 441 2831 osuven
454 2781 478 2821 or
538 2769 668 2834 Eadem
686 2788 824 2852 quoque
845 2768 931 2833 hora
952 2767 1097 2835 clericus
1122 2768 1274 2848 quidam,
1300 2769 1443 2834 nomine

325 2832 419 2920 papo
489 2861 639 2943 Petrus,¹
665 2869 707 2930 de
727 2867 868 2948 regione
891 2886 970 2948 queo
993 2867 1180 2938 Provincia
1206 2876 1442 2950 nuncupatur,

488 2966 655 3029 accedens
680 2966 724 3029 ad
753 2966 952 3048 episcopum
981 2965 1187 3030 Podiensem
1213 2974 1249 3031 et
1278 2968 1442 3032 comitem

489 3063 736 3141 Tholosanum,
773 3083 932 3130 asserens
969 3065 1063 3147 quod
1100 3065 1223 3130 beatus
1257 3067 1443 3148 apostolus

489 3160 648 3226 Andreas
693 3163 759 3226 sibi
795 3163 832 3225 in
872 3162 1001 3226 somnis
1042 3170 1252 3246 apparuerat
1288 3173 1323 3228 et
1359 3185 1442 3229 eum

489 3267 542 3324 ter
565 3260 620 3324 vel
649 3268 773 3342 quater
799 3269 1058 3325 commonuerat
1072 3263 1252 3338 attentius,
1266 3271 1443 3345 quatenus

489 3358 533 3422 ad
568 3360 742 3441 principes
773 3359 961 3423 occidentis
996 3360 1141 3440 loquens
1177 3362 1365 3438 nuntiaret,
1402 3370 1443 3427 ut

488 3457 750 3539 lanceamque
771 3458 913 3522 Domini
936 3459 1047 3522 nostri
1071 3458 1094 3521 J
1097 3477 1158 3522 esu
1190 3459 1320 3524 Christi
1344 3461 1442 3524 latus

489 3555 603 3619 fuerat
629 3551 852 3638 perforatum,
881 3557 917 3620 in
941 3556 1087 3622 ecclesia
1108 3556 1273 3638 principis
1299 3568 1444 3642 aposto-

489 3653 601 3718 lorum
646 3655 779 3718 occulte
826 3655 1012 3737 repositam
1043 3655 1292 3736 perquirerent,
1326 3658 1444 3722 locum

489 3751 688 3816 certissimis
709 3753 843 3817 indiciis
866 3753 1103 3818 manifestans.
1155 3751 1333 3819 Accedens
1356 3775 1443 3838 ergo

490 3850 534 3914 ad
564 3852 656 3915 viros
683 3852 866 3933 praedictos
890 3853 1044 3928 verbum,
1069 3853 1161 3916 siout
1193 3852 1225 3916 ci
1247 3853 1443 3936 injunctum

491 3947 612 4026 tuerat,
640 3969 685 4013 ex
713 3949 832 4014 ordine
858 3951 1046 4029 revelavit3
1073 3970 1231 4015 asserens
1253 3971 1290 4015 se
1312 3954 1357 4015 ab
1384 3974 1445 4019 eo-

490 4047 568 4111 dem
599 4049 757 4129 apostolo
788 4048 906 4112 multis
940 4049 1128 4114 terroribus
1162 4050 1206 4114 ad
1238 4050 1302 4114 hoc
1335 4051 1444 4118 fuisse

526 4227 654 4293 ¹Petrru.]
678 4232 839 4293 Bartholemy
862 4233 891 4280 of
910 4233 952 4283 the
978 4234 1028 4281 low
1040 4235 1152 4297 cunning
1164 4236 1214 4284 and
1231 4236 1300 4286 loose
1317 4252 1445 4290 manners.

490 4297 630 4347 dioceseos
638 4300 791 4361 Marseilles,
801 4316 818 4349 a
834 4303 912 4362 priest
927 4303 956 4350 os
979 4302 1089 4364 Gibbon,
1101 4303 1136 4351 xi.
1149 4319 1175 4363 p.
1187 4307 1228 4353 ⁷1.
