3104 5186
458 555 502 619 94
713 570 846 617 nocnru
870 570 917 616 nn
940 567 1147 616 wunnovnn

294 745 350 834 ql?
360 745 432 834 ¹⁰⁹⁷f‘1
459 729 530 792 lum
547 729 651 792 etiam
667 729 820 811 ligneum
835 727 943 791 latum
964 731 1222 808 componentes,
1245 723 1282 786 in
1299 725 1407 788 altum

293 799 446 886 chedma..
458 829 655 898 balistarios
670 829 706 890 in
718 848 758 891 eo
769 828 985 902 locaverunt,
996 825 1068 907 qui,
1078 825 1115 888 in
1130 824 1265 888 insidiis
1281 825 1408 888 civium

458 929 650 1004 constituti,
667 928 745 990 telis
759 927 870 1009 igneis
884 933 919 990 et
929 926 1110 990 venenatis
1127 923 1254 988 multos
1271 923 1348 987 neci
1365 943 1406 985 ex

458 1028 614 1092 hostibus
631 1027 860 1091 tradiderunt.
911 1025 1019 1088 Turci
1042 1043 1061 1088 e
1083 1023 1256 1087 contrario
1278 1021 1409 1085 machi-

458 1146 522 1193 nas
553 1147 615 1209 pro
642 1127 810 1190 machinis
842 1131 1094 1199 construentes
1125 1123 1195 1186 tela
1223 1141 1286 1205 pro
1317 1121 1409 1196 telis,

458 1235 494 1291 et
516 1226 649 1308 lapides
677 1246 740 1308 pro
771 1225 957 1306 lapidibus,
982 1223 1019 1286 in
1042 1222 1301 1304 peregrinorum
1329 1241 1408 1303 per-

458 1327 582 1390 niciem
611 1326 838 1402 remiserunt;
873 1324 1011 1387 tandem
1038 1321 1227 1385 innumeris
1259 1320 1340 1384 hinc
1372 1328 1408 1383 et

457 1425 538 1488 inde
559 1425 762 1500 interfectis
785 1430 832 1500 et,
855 1423 1006 1485 maxime
1029 1421 1139 1484 exeis
1160 1421 1219 1502 qui
1241 1419 1408 1483 victualia

459 1524 672 1606 quaerebant,
690 1515 926 1587 deficientibus
941 1521 1127 1597 alimentis,
1143 1519 1301 1583 dominus
1317 1519 1410 1582 Boa-

459 1623 608 1686 mundus
636 1630 671 1686 et
697 1642 811 1687 comes
845 1620 1067 1685 Flandrensis
1100 1627 1136 1683 et
1164 1619 1339 1682 Robertus
1368 1618 1411 1681 de

460 1723 633 1786 communi
650 1722 805 1800 consilio,
817 1727 857 1784 ut
870 1721 1000 1802 pabula
1017 1725 1222 1800 quaererent,
1236 1717 1410 1781 exierunt.

460 1822 652 1886 Audientes
674 1828 790 1884 autem
810 1821 944 1884 ancos
959 1837 1034 1883 esse
1050 1819 1086 1882 in
1101 1817 1249 1900 quodam
1265 1817 1411 1882 castello

460 1928 496 1985 et
513 1920 598 1985 villa
612 1940 751 2002 magna,
772 1920 809 1983 in
831 1920 971 2001 regione
993 1917 1155 1994 hostium,
1178 1916 1278 1980 bonis
1300 1917 1413 1980 omni-

460 2021 525 2084 bus
556 2019 696 2096 resecta,
725 2019 871 2102 profecti
893 2025 975 2082 sunt
1001 2016 1084 2080 illuc
1109 2036 1186 2080 cum
1215 2016 1411 2098 legionibus

460 2120 546 2196 suis,
568 2120 628 2183 ubi
650 2119 780 2196 multis,
803 2118 881 2182 Deo
905 2117 1054 2194 volente,
1077 2116 1238 2198 apannis
1259 2115 1413 2180 trucida-

459 2219 517 2295 tis,
534 2220 646 2302 spolia
660 2219 771 2283 multa
785 2219 822 2282 in
841 2236 924 2281 suos
946 2235 1030 2281 usus
1050 2222 1264 2297 receperunt.
1317 2214 1412 2296 Cog-

460 2326 632 2383 noverunt
647 2325 763 2382 autem
785 2317 942 2400 praedicti
959 2315 1144 2400 principes
1166 2333 1227 2397 per
1248 2314 1412 2396 explora·

460 2423 553 2481 tores
578 2437 671 2494 suos,
697 2416 889 2480 Turcorum
911 2415 1165 2479 multitudinem
1191 2414 1227 2477 in
1249 2414 1412 2497 proximo

459 2515 695 2592 constitutam,
718 2522 965 2598 contraquam
987 2513 1146 2579 comitem
1164 2513 1412 2577 Flandrensem

460 2615 588 2678 direxit
619 2614 844 2679 Boamundus
877 2634 954 2677 cum
980 2614 1112 2679 viribus
1145 2613 1299 2689 armatis,
1332 2613 1410 2694 ipse

460 2713 648 2795 majoribus
690 2714 799 2797 copiis
836 2713 987 2796 stipatus
1019 2720 1211 2776 secuturus
1285 2710 1412 2776 Comes

461 2833 555 2891 vero,
582 2813 619 2876 in
652 2833 755 2895 opere
783 2813 908 2878 martio
936 2813 991 2877 vir
1018 2818 1191 2888 strenuus,
1227 2812 1263 2874 in
1293 2810 1413 2875 hostes

461 2913 587 2976 acriter
615 2913 750 2976 irruens
778 2920 915 2978 centum
941 2932 986 2976 ex
1014 2912 1064 2975 eis
1093 2911 1211 2994 gladio
1240 2910 1411 2992 peremit;

461 3011 611 3094 dumque
635 3013 747 3076 victor
774 3012 817 3076 ad
848 3013 960 3075 socios
991 3011 1129 3087 rediret,
1153 3029 1233 3074 ecce
1257 3010 1316 3073 alii
1348 3029 1412 3073 ex·

460 3111 653 3192 ploratores
670 3113 779 3175 multo
799 3111 958 3175 fortiores
983 3111 1146 3174 nuntiant
1162 3110 1350 3173 adventare
1366 3129 1414 3173 ex

462 3209 531 3273 alio
548 3210 656 3274 latere
674 3217 908 3292 emergentes3
937 3217 1059 3273 contra
1072 3228 1159 3291 quos
1174 3209 1306 3272 viribus
1321 3209 1412 3273 mul-

461 3309 626 3391 tiplicatis
650 3310 860 3386 incedentes,
887 3309 1017 3391 praevia
1047 3308 1115 3372 Dei
1140 3309 1266 3389 gratia,
1292 3327 1412 3372 omnes

460 3408 497 3471 in
514 3408 632 3489 sugam
649 3409 900 3492 compulerunt,
920 3415 956 3471 et
973 3408 1073 3489 quasi
1088 3407 1233 3488 perduc
1249 3407 1414 3472 milliaria

460 3507 680 3590 insequentes
703 3528 775 3586 eos,
795 3515 946 3590 stragem
968 3525 1037 3571 non
1060 3505 1230 3571 modicam
1253 3506 1414 3571 hostibus

461 3606 652 3672 intulerunt
669 3628 677 3686 ;
711 3608 861 3690 indeque
877 3626 955 3671 cum
973 3605 1147 3687 triumpho
1163 3605 1207 3670 ad
1225 3611 1342 3668 castra
1356 3627 1413 3670 re·

460 3713 648 3783 vertentes,
676 3726 754 3771 cum
781 3707 881 3788 equis
908 3712 944 3769 et
973 3705 1088 3782 muliS,
1116 3705 1269 3782 cameliS,
1292 3705 1413 3783 asinis

460 3806 625 3868 armentis
645 3813 681 3869 et
700 3805 821 3888 spoliis
840 3803 1034 3880 uberrimis,
1049 3823 1129 3885 quae
1151 3810 1412 3881 contraxerant,

460 3921 564 3986 agros
580 3904 799 3986 repleverunt
820 3903 1094 3986 circumpositos,
1113 3909 1149 3966 et
1171 3904 1357 3987 principes
1375 3905 1413 3967 in

460 4003 574 4066 victus
600 4004 745 4085 penuria
767 4003 978 4080 laborantes
996 4003 1164 4066 immensa
1187 4002 1311 4066 laetitia
1331 4023 1413 4086 pro-

461 4101 633 4166 fuderunt.
694 4102 762 4166 Sed
789 4104 951 4185 quoniam
975 4109 1083 4166 tantae
1114 4101 1328 4165 multitudini
1350 4103 1413 4169 vix

459 4219 523 4280 per
547 4200 621 4263 dies
644 4221 774 4284 paucos
795 4201 914 4284 praeda
935 4201 1090 4265 sufficere
1113 4201 1227 4283 potuit
1252 4201 1413 4283 praefata,

460 4300 643 4379 praevaluit
664 4303 701 4363 in
723 4302 821 4365 brevi
845 4301 932 4366 adeo
958 4301 1066 4366 fames
1092 4300 1129 4363 in
1154 4301 1295 4382 populo,
1318 4300 1413 4382 quod
