3144 5180
429 541 495 605 3⁰2
688 551 823 600 uocum
847 552 895 598 nn
916 550 1126 599 wunnovun

264 729 418 819 msa
429 714 535 796 cipiet
555 731 675 775 omnes
696 712 852 776 redditus
874 719 910 774 et
935 710 1052 775 exitus
1075 711 1167 774 sicut
1189 709 1389 773 dominicos

264 830 417 871 «curm
428 813 584 877 redditus
597 831 692 876 suos.
745 812 887 875 Etcum
904 819 1048 874 ventum
1065 809 1169 874 fuerit
1186 809 1231 872 ad
1255 828 1386 873 consu·

429 912 570 976 lendum
593 911 788 988 ecclesiam,
810 910 913 974 debet
936 910 1098 974 dominus
1123 929 1187 972 rex
1215 908 1389 971 mandare

428 1013 582 1095 potiores
598 1030 766 1093 personas
780 1010 948 1086 ecclesiae,
970 1010 1039 1092 [et]
1058 1010 1095 1072 in
1117 1008 1253 1090 capella
1269 1008 1389 1089 ipsius

429 1111 522 1193 regis
553 1111 656 1174 debet
676 1110 750 1174 fieri
772 1110 908 1184 electio,
930 1128 1076 1173 assensu
1097 1108 1207 1190 ipsius
1229 1107 1321 1187 regis
1345 1113 1390 1169 et

430 1210 576 1274 consilio
596 1229 823 1292 personarum
844 1207 955 1290 regni,
977 1228 1066 1291 quas
1088 1207 1133 1270 ad
1155 1207 1231 1270 baec
1252 1205 1388 1269 sacien-

430 1309 512 1373 dum
542 1309 787 1387 advocaverit;
819 1316 855 1372 et
879 1308 1006 1372 ibidem
1029 1307 1135 1370 faciet
1158 1306 1289 1370 electus
1315 1305 1385 1367 bo-

430 1407 584 1490 magium
606 1417 643 1474 et
668 1409 869 1473 fidelitatem
898 1408 985 1488 regi,
1009 1407 1102 1470 sicut
1129 1406 1215 1487 ligio
1240 1404 1387 1467 domino

430 1527 508 1584 suo,
525 1509 568 1572 de
582 1508 658 1572 vita
670 1527 736 1572 sua
749 1516 786 1572 et
801 1507 963 1571 membris
978 1513 1015 1570 et
1030 1507 1074 1570 de
1087 1505 1216 1569 honore
1231 1512 1388 1580 terreno,

430 1607 530 1670 salvo
544 1607 664 1671 ordine
678 1627 755 1684 suo,
768 1606 972 1691 priusquam
986 1611 1216 1670 consecretur.

481 1705 519 1768 Si
533 1707 718 1789 quisquam
737 1706 781 1770 de
801 1707 1001 1788 proceribus
1021 1706 1119 1786 regni
1133 1701 1390 1766 dissertiaverit

432 1804 705 1888 archiepiscopo,
723 1805 781 1870 vel
798 1806 974 1888 episcopo,
995 1805 1051 1869 vel
1076 1803 1316 1867 archidiacono
1337 1801 1388 1863 de

432 1923 471 1966 se
491 1903 609 1968 suisve
625 1905 801 1988 justitiam
823 1904 997 1982 exhibere,
1018 1904 1179 1967 dominus
1195 1921 1260 1965 rex
1280 1900 1391 1963 debet

432 2023 493 2067 eos
519 2003 729 2087 justiciare3
766 2012 803 2068 et
831 2005 863 2068 si
890 2003 980 2067 forte
1011 2004 1138 2087 aliquis
1171 2000 1391 2064 dissertimet

433 2103 573 2168 domino
601 2106 676 2186 regi
700 2104 940 2168 rectitudinem
970 2122 1083 2181 suam,
1120 2098 1390 2183 archiepiscopi,

434 2203 587 2286 episcopi
619 2213 656 2268 et
681 2202 915 2267 archidiaconi
939 2201 1066 2266 debent
1091 2221 1170 2265 eum
1188 2199 1390 2284 justiciore,

435 2310 475 2366 ut
491 2303 566 2384 regi
578 2303 783 2367 satisfaciat.

487 2400 626 2466 Gatalla
649 2422 781 2479 eorum,
807 2401 868 2483 qui
896 2399 1043 2466 suntin
1071 2397 1250 2461 forisfacto
1277 2396 1388 2478 regis,

436 2519 506 2564 non
541 2500 695 2564 detineat
725 2500 873 2564 ecclesia
904 2499 961 2564 vel
994 2499 1230 2562 coemetcrium
1262 2503 1390 2560 eontra

430 2599 646 2682 justiciarius
663 2600 769 2680 regis,
791 2599 875 2680 quia
896 2597 1006 2680 ipsius
1024 2597 1118 2679 regis
1134 2604 1229 2673 sunt,
1250 2597 1325 2660 sive
1346 2596 1389 2658 in

436 2698 590 2761 ecclesiis
605 2700 679 2762 sive
695 2706 797 2762 extra
809 2697 937 2761 suerint
950 2698 1102 2761 inventa

487 2797 625 2861 Placita
638 2798 681 2860 de
697 2798 835 2874 debitis,
852 2815 932 2879 quae
949 2797 1017 2860 fide
1035 2795 1241 2878 interposita
1255 2794 1388 2858 deben-

434 2903 493 2959 tur
507 2896 564 2959 vel
577 2898 708 2978 absque
723 2897 987 2978 interpositione
1003 2895 1095 2973 fidei,
1111 2894 1233 2958 sintin
1244 2893 1388 2977 justitia

438 3014 529 3076 '⁰5¹⁸

546 3091 567 3107 ‘'
579 3095 786 3158 rusticorum
797 3114 867 3157 non
877 3094 1005 3158 debent
1017 3091 1171 3157 ordinari
1185 3093 1318 3174 absque
1328 3109 1386 3153 as-

436 3212 540 3256 sensu
552 3193 683 3257 domini
696 3194 739 3257 de
753 3194 854 3279 cujus
869 3201 964 3257 terra
977 3193 1052 3257 nati
1066 3192 1328 3274 dignoscuntur.

487 3292 593 3357 Hanc
606 3294 875 3377 recognitionem
888 3293 962 3356 sive
971 3291 1242 3356 recordationem
1250 3290 1294 3353 de
1304 3308 1384 3353 con-

436 3392 676 3457 suetudinibus
699 3401 734 3458 et
757 3393 977 3456 libertatibus
1000 3391 1141 3475 iniquiS,
1169 3398 1206 3455 et
1233 3389 1388 3470 dignita·

437 3489 530 3556 tibus
544 3493 621 3556 Deo
643 3491 917 3568 detestabilibus,
935 3490 1198 3573 archiepiscopi,
1220 3487 1387 3571 episcopi,

438 3592 593 3667 abbates
613 3592 760 3674 priores,
779 3591 905 3668 clerus,
922 3611 1002 3654 cum
1021 3589 1206 3654 comitibus
1223 3595 1260 3651 et
1280 3587 1384 3648 baro·

437 3691 538 3753 nibus
555 3709 597 3754 ac
613 3691 812 3772 proceribus
830 3691 977 3767 cunctiS,
990 3690 1212 3774 juraverunt,
1228 3693 1265 3750 et
1278 3685 1386 3748 firmi-

436 3796 492 3851 ter
517 3789 553 3851 in
578 3791 684 3852 verbo
703 3789 860 3853 veritatis
885 3790 1118 3871 promiserunt
1136 3789 1219 3852 viva
1239 3804 1325 3850 voce
1348 3803 1389 3847 se

436 3888 604 3951 tenendas
632 3895 668 3951 et
691 3887 926 3953 observandas
949 3889 1090 3951 domino
1115 3887 1189 3968 regi
1214 3893 1250 3948 et
1278 3884 1390 3947 haere-

437 3985 538 4048 dibus
562 3987 636 4050 suis
658 3988 750 4052 bona
774 3987 842 4052 fide
864 3996 900 4052 et
921 3990 1053 4072 absque
1074 3988 1166 4053 malo
1186 3985 1327 4067 ingenio
1349 3984 1388 4045 in

436 4092 653 4167 perpetuum.
