3138 5184
452 531 519 595 244
711 545 846 592 noenru
869 545 917 618 on
940 543 1149 590 wannovnn

294 715 349 756 A-D·
361 713 417 756 ¹1⁴⁷·
456 701 593 777 transis,
608 707 687 782 post
703 698 942 763 Alexandrum
961 705 1099 762 creatus
1116 705 1169 761 est
1187 698 1412 761 lincolnien-

456 802 504 866 sis
522 800 668 864 antistes
684 819 746 881 per
758 818 896 862 manum
913 796 1140 874 Theodbaldi,
1157 797 1411 879 archiepiscopi

457 897 731 975 Cantuariensis,
745 905 825 979 post
837 897 1009 982 jejunium
1023 896 1150 960 mensis
1173 898 1310 980 septimi
1332 894 1411 978 epi·
1445 906 1457 918 “·

457 1017 582 1082 scopus
598 1004 832 1062 consecratus.

519 1168 607 1250 Quod
625 1168 827 1246 Reuntuadue,
843 1168 992 1253 prinam
1006 1165 1189 1242 Antiochia,
1205 1187 1226 1229 a
1247 1165 1358 1230 Turris

814 1266 993 1350 interfectus
1008 1273 1059 1330 eat.

297 1413 422 1453 nunna
511 1392 616 1457 Anno
638 1392 781 1457 Domini
800 1407 995 1467 ucxuvru,
1021 1396 1102 1472 post
1128 1388 1317 1452 discessum
1343 1389 1413 1451 im·

298 1463 368 1502 Death
377 1463 401 1501 ol

299 1512 418 1560 mamona,
462 1493 631 1574 peratoris
662 1500 697 1556 et
722 1492 936 1555 Francorum
966 1489 1058 1570 regis
1089 1487 1132 1551 de
1161 1488 1315 1570 partibus
1339 1493 1414 1551 ter-

298 1562 370 1611 prince
379 1562 403 1601 ol

299 1611 398 1653 Antioeh.

462 1609 510 1654 rae
535 1599 678 1668 sanctae,
695 1590 908 1666 Noradinus,
922 1587 1103 1669 Sanguinii
1124 1586 1228 1663 filius,
1246 1587 1413 1668 princeps

462 1690 654 1754 Turcorum
684 1689 958 1772 potentissimus,
979 1687 1065 1750 fines
1090 1685 1326 1750 Antiochenos
1354 1686 1413 1748 in-

462 1807 602 1870 gressus
645 1788 783 1872 Nepam
831 1794 984 1850 castrum
1021 1785 1198 1850 obsidione
1237 1784 1412 1863 vallavit3

462 1895 708 1969 contraquam
732 1885 960 1963 Reimundus,
974 1884 1214 1950 Antiochenus
1236 1883 1414 1965 princepe,

463 1988 653 2051 exercitum
682 1987 813 2050 ducens
841 1984 1035 2049 inconsulte
1075 1983 1177 2046 nimis
1212 1989 1249 2047 et
1288 1982 1415 2064 praelio

462 2086 626 2168 inaequali
656 2085 860 2161 decertavit,
893 2083 985 2147 unde
1027 2080 1175 2163 contigit
1212 2081 1304 2164 quod
1335 2083 1416 2163 ipse

463 2205 541 2248 cum
575 2185 652 2249 aliis
682 2184 888 2267 quibusdam
916 2183 1001 2246 viris
1031 2181 1203 2246 nobilibus
1232 2175 1417 2244 ¹oecubuit

463 2283 674 2348 interfectus.
735 2281 936 2348 Noradinus
967 2289 1096 2357 autern,
1125 2280 1221 2343 nullo
1250 2280 1417 2343 obstante

464 2400 680 2464 progressus,
706 2376 873 2462 ²Hareng
901 2387 1053 2444 castrum
1078 2379 1237 2443 obsidens
1263 2397 1416 2460 occupa-

463 2481 526 2556 vit,
553 2488 589 2544 et
617 2481 666 2543 sic
692 2480 798 2544 libere
823 2481 860 2543 in
886 2479 1043 2561 partibus
1065 2478 1134 2542 illis
1160 2478 1324 2542 universa
1350 2477 1415 2540 de-

463 2577 664 2661 populando
686 2579 867 2661 percurrit,
884 2578 993 2641 donec
1008 2597 1071 2641 rex
1088 2575 1413 2659 Hierosolymorum

464 2678 710 2759 superveniens
726 2678 840 2761 ipsum
861 2676 1034 2740 hostiliter
1046 2675 1204 2739 recedere
1226 2683 1262 2739 et
1276 2694 1340 2738 sua
1357 2695 1416 2739 re·

464 2783 582 2858 petere
604 2783 764 2859 potenter
785 2777 912 2858 coegit.
963 2775 1094 2839 Eodem
1115 2794 1207 2838 anno
1227 2775 1264 2838 in
1285 2774 1416 2837 solem·

464 2875 574 2938 nitate
595 2874 832 2952 Pentecostes,
855 2875 985 2951 David,
1004 2894 1066 2938 rex
1090 2873 1284 2946 Scotorum,
1304 2867 1417 2934 ³mili·

465 2973 599 3036 taribus
629 2974 807 3039 decoravit
837 2975 943 3038 armis
971 2973 1174 3049 Henricum,
1199 2972 1309 3036 filium
1339 2972 1414 3053 pri·

464 3073 676 3153 mogenitum
700 3072 861 3138 Gaulridi
888 3073 1149 3154 Plantegenest,
1175 3091 1266 3136 nunc
1287 3071 1414 3134 ducem

464 3170 756 3249 Normannorum,
781 3179 816 3236 et
837 3173 950 3254 neptis
974 3190 1047 3235 suae
1073 3171 1154 3235 olim
1182 3169 1415 3254 imperatricis

464 3269 631 3334 Matildis.

509 3441 597 3521 Quod
609 3442 674 3508 dua
691 3442 868 3527 Gaafra'dus
884 3441 969 3606 allodii
983 3443 1215 3506 Nemausum
1229 3441 1368 3505 Hono

859 3543 890 3623 fi
903 3541 932 3605 io
946 3562 1009 3604 suo.

525 3661 628 3727 Anno
653 3663 795 3726 Domini
821 3679 982 3726 ucxnrx.
999 3661 1201 3739 Gausridus,
1225 3662 1298 3726 dux
1316 3662 1416 3727 Nor-

462 3761 624 3839 manniae,
636 3760 785 3824 reddidit
802 3760 957 3825 Henrico
975 3761 1047 3825 filio
1069 3781 1132 3824 suo
1148 3760 1418 3842 Normanniam,

499 3950 659 4023 'Occubait.]
677 3957 783 4005 Hewas
791 3956 872 4005 killed
883 3957 926 4004 be·
949 3957 1028 4004 about
1049 3960 1091 4004 ten
1111 3956 1184 4004 miles
1203 3956 1265 4005 from
1284 3959 1421 4023 Antioch;

461 4027 544 4072 tween
555 4024 666 4086 Apamia
682 4026 733 4074 and
749 4026 844 4088 Rugia,
855 4023 924 4090 (Ha-
949 4025 1019 4074 Will.
1031 4025 1092 4086 Tyr.
1103 4041 1130 4086 p.
1141 4029 1199 4075 916.

461 4093 519 4140 mah
542 4093 593 4141 aad
615 4092 735 4156 Rouiah,)
767 4099 793 4144 at
814 4109 831 4143 a
852 4095 924 4155 place

461 4161 543 4210 called
554 4163 621 4212 Fons
632 4160 769 4224 Muratue;
786 4163 923 4224 Wilfflr.
984 4160 1158 4212 ³Militaribue
1175 4165 1297 4214 &emunit
1312 4163 1418 4234 urmic,]

460 4244 487 4289 p.
500 4233 558 4280 915.
948 4237 975 4280 at
986 4231 1109 4293 Carlisle3
1127 4247 1244 4296 compare
1262 4234 1417 4296 Hnntingd.

495 4295 640 4362 ²Hareng.]
658 4302 806 4364 Harenc,or
818 4303 923 4365 Harem,
946 4317 972 4363 p.
986 4305 1041 4353 395.
