3190 5202
447 576 586 625 rnonns
609 577 880 626 nrsromnnuu.
1092 562 1137 627 23

182 739 306 796 contra
327 731 541 796 Clementem
567 753 661 816 papa
691 732 849 810 efficitur,
875 734 936 798 sed
964 735 1033 799 cito
1055 742 1268 818 postserra.

183 831 328 894 moritur
342 833 462 894 morbo
478 833 696 915 dysenterico
714 832 916 897 dissolutus.

231 929 364 993 Eodem
379 949 471 993 anno
485 951 548 994 rex
559 930 753 1011 Anglorum
765 931 974 1006 Willelmus,
988 928 1026 991 in
1040 929 1133 996 Pen-

185 1034 352 1104 tecosten,
374 1028 466 1110 apud
482 1028 843 1105 westmonasterium,
861 1029 1052 1092 Henricum
1069 1028 1136 1091 fili·

180 1146 239 1188 um
254 1145 354 1188 sunm
363 1125 537 1209 juniorem
550 1127 689 1207 cingulo
702 1125 844 1190 militari
857 1125 1012 1190 donavit.
1063 1126 1135 1190 De-

180 1223 260 1287 inde
274 1225 367 1307 cepit
381 1225 543 1305 bomagia
556 1223 733 1290 hominnm
748 1224 854 1288 totius
869 1223 1009 1306 Angliae
1027 1231 1063 1287 et
1072 1225 1133 1307 ju·

180 1328 374 1385 ramentum
389 1322 578 1399 fidelitatis,
594 1323 829 1407 cujuscunque
843 1329 960 1386 essent
973 1321 1068 1385 feudi
1078 1323 1134 1386 vel

180 1421 379 1497 tenementi,
400 1428 447 1498 et,
465 1423 615 1484 extortis
631 1441 767 1502 magnae
785 1421 941 1504 pecuniae
960 1420 1068 1501 copiis
1090 1421 1133 1484 do

181 1519 443 1601 quibuscunque
466 1520 618 1601 aliquam
644 1527 783 1601 poterat
810 1518 966 1584 invenire
991 1536 1133 1583 causam

178 1616 274 1699 juste
291 1619 365 1682 sive
380 1618 521 1701 injuste,
537 1619 576 1680 in
593 1617 846 1682 Normanniam
859 1617 1110 1683 transfretavit.

322 1788 372 1850 Da
386 1788 549 1870 afflictione
563 1788 677 1851 misero
686 1788 785 1872 pantio
797 1786 982 1872 Anylorron.

232 1909 336 1975 Anno
358 1911 501 1975 Domini
525 1927 699 1974 unxxxv.
718 1930 797 1974 cum
815 1910 890 1994 jam
914 1909 1056 1974 Domini
1072 1929 1266 2018 vo-sanno.

181 2009 351 2072 luntatem
387 2030 492 2092 super
527 2008 722 2091 Anglornm
757 2016 895 2090 gentem
937 2008 1132 2073 Normanni
1143 1981 1248 2080 Εῗὲἷιῖἷι.

182 2108 459 2190 complevissent,
476 2127 552 2170 .nec
577 2109 640 2171 vix
666 2107 791 2188 aliquis
816 2109 976 2189 princeps
1002 2108 1044 2170 de
1071 2127 1131 2188 ge·

184 2224 266 2269 nere
287 2205 481 2287 Anglorum
507 2212 703 2287 superesset
732 2205 770 2268 in
799 2223 919 2286 regno,
945 2224 1132 2288 omnesque

179 2305 217 2367 in
231 2324 413 2368 moerorem
431 2312 466 2368 et
485 2305 688 2368 servitutem
709 2303 840 2366 redacti
857 2303 1013 2379 fuissent,
1027 2305 1079 2367 ita
1093 2310 1133 2367 ut

182 2401 371 2483 Anglicum
396 2403 513 2468 vocari
537 2402 626 2466 soret
651 2402 849 2484 opprobrio,
873 2401 1133 2484 pullulaverunt

179 2501 216 2564 in
236 2501 366 2582 Anglia
385 2502 515 2566 telonia
534 2501 653 2583 iniqua
675 2509 711 2564 et
732 2501 999 2564 consuetudines
1020 2502 1130 2582 pessi·

180 2617 259 2675 mae,
283 2608 318 2662 et
339 2608 470 2681 quanto
496 2600 607 2680 magis
631 2599 805 2681 principes
829 2599 1060 2681 loquebantur
1087 2600 1129 2662 de

180 2705 276 2761 recto
295 2705 332 2760 et
347 2698 500 2781 justitia,
522 2705 622 2761 tanto
643 2697 756 2780 major
770 2697 876 2761 fiebat
897 2697 1047 2781 injuria;
1070 2699 1130 2781 qui

176 2795 364 2879 justiciarii
386 2798 614 2872 vocabantur,
644 2797 754 2859 omnis
779 2795 961 2879 injustitiae
990 2795 1130 2860 fuerunt

181 2902 368 2973 auctores3
398 2896 458 2976 qni
488 2914 626 2958 cervum
658 2901 797 2976 caperet
830 2894 885 2959 vel
918 2894 1129 2976 capreolum,
1176 2932 1178 2938 ·

181 2993 273 3056 oculi
304 2994 513 3057 eruebantur
543 2993 587 3069 ei,
613 3012 678 3056 nec
703 2992 769 3055 fuit
795 2992 854 3074 qui
881 3000 1129 3072 murmuraret;

182 3092 323 3154 amabat
347 3093 438 3154 enim
462 3091 556 3153 ferus
578 3110 642 3154 rex
666 3090 770 3167 feras,
793 3109 834 3154 ac
860 3093 891 3154 si
915 3099 1007 3156 esset
1030 3098 1131 3173 pater

181 3189 344 3252 ferarum.
402 3189 565 3252 Nefando
592 3208 733 3271 prorsus
759 3208 844 3252 usus
876 3190 1030 3265 consilio,
1064 3190 1131 3252 hoc

183 3288 264 3368 egit,
284 3295 324 3350 ut
348 3287 408 3350 ubi
433 3295 514 3351 ante
529 3287 587 3351 vel
610 3288 760 3350 humana
783 3295 858 3351 erat
879 3288 916 3350 in
931 3288 1023 3351 villis
1048 3307 1131 3351 con·

181 3386 346 3461 versatio,
367 3385 424 3448 vel
449 3386 603 3450 ecclesiis
625 3386 744 3449 divina
765 3386 920 3450 fervebat
941 3386 1130 3461 veneratio,

183 3503 274 3546 nunc
288 3484 336 3546 ibi
358 3483 452 3548 cervi
475 3490 510 3548 et
529 3504 629 3547 omne
647 3504 757 3564 genus
771 3485 920 3546 ferarum
934 3484 1130 3565 petulanter

182 3580 402 3661 discurrunt3
427 3581 518 3645 unde
544 3583 728 3665 proverbio
754 3569 935 3658 asseritur)
955 3581 1047 3663 quod
1069 3600 1131 3662 per

183 3680 327 3761 triginta
343 3687 378 3743 et
394 3699 436 3744 eo
456 3680 604 3762 amplius
626 3681 787 3742 milliaria
801 3688 893 3743 terra
909 3679 1074 3762 frugifera
1094 3679 1131 3742 in

88 3793 91 3798 ’
184 3779 295 3841 saltus
317 3778 364 3842 sit
380 3779 522 3842 redacta
544 3786 580 3841 et
595 3779 707 3843 lustra
726 3779 886 3842 ferarum.
937 3776 995 3840 Ad
1017 3784 1132 3841 castra

183 3896 321 3961 quoque
345 3876 575 3941 construenda
602 3898 665 3940 rex
693 3885 927 3941 antecessores
952 3895 1034 3939 suos
1059 3895 1131 3938 om-

181 3994 242 4037 nes
258 3976 456 4057 superabat.
505 3975 724 4040 Normannia
740 3977 806 4039 sibi
821 3974 1040 4039 haereditario
1050 3974 1131 4057 jure

183 4081 401 4155 provenerat,
413 4073 685 4138 cenomanniam
695 4075 799 4137 armis
811 4074 1036 4155 adquisierat,
1052 4073 1131 4135 Bri-
1255 4117 1261 4129 .

184 4173 339 4235 tanniam
362 4170 627 4237 Armoricanam
652 4173 817 4236 acclivem
842 4173 907 4234 sibi
930 4171 1070 4247 lecerat,
1095 4170 1132 4232 in

183 4269 314 4352 Anglia
338 4272 433 4334 solus
452 4274 634 4354 regnabat,
650 4272 803 4338 Scotiam
820 4278 855 4335 et
870 4270 1035 4334 Welliam
1051 4269 1132 4333 sub-
