3144 5180
425 559 564 609 rannus
588 559 858 611 nrsronmnuu.
1052 549 1118 614 277

163 714 249 789 hoc,’
274 717 400 798 inquit,
422 717 504 780 ‘sed
530 717 608 781 cum
634 718 762 782 eisdem
791 715 964 783 forficibus
989 722 1114 802 perfice
1128 739 1249 780 annu.

162 815 255 894 quod
273 816 411 896 coepisti
422 817 443 895 ;'
460 816 557 880 miles
574 817 705 899 itaque,
722 827 898 899 resumpta
913 818 1051 896 fiducia,
1063 821 1113 885 fa-
1124 789 1240 880 diridet.

162 913 294 977 cilitate
320 934 389 996 qua
411 917 506 996 prius
530 935 601 979 rem
627 917 773 981 feliciter
794 920 1058 995 consummavit,
1076 928 1111 985 et

161 1012 326 1093 quicquid
354 1014 525 1096 inaequale
550 1022 626 1078 erat
655 1016 731 1079 sine
760 1015 962 1081 difficultate
993 1018 1110 1101 aliqua

161 1113 369 1193 coaequavit.
418 1113 473 1176 Ex
490 1120 573 1178 tunc
590 1133 674 1178 vero
693 1114 744 1179 vir
764 1115 844 1191 Dei,
862 1117 994 1198 absque
1015 1116 1108 1181 forfi-

159 1210 269 1286 cibus,
286 1230 364 1274 cum
384 1211 502 1293 digitis
524 1213 597 1276 suis
615 1213 784 1276 debilibus
807 1232 877 1278 non
897 1213 964 1278 tide
984 1216 1109 1281 minori

161 1308 310 1372 annulos
325 1308 454 1388 loricae,
466 1311 509 1374 ad
522 1312 620 1375 varia
631 1313 818 1376 sanitatum
834 1312 996 1391 remedia,
1006 1333 1109 1379 cunc-

159 1408 205 1470 tis
239 1409 422 1473 caritative
452 1410 651 1492 petentibus
680 1411 837 1475 dividens
867 1412 1106 1492 ministrabut;

160 1505 250 1569 hanc
274 1517 389 1571 autem
412 1509 510 1572 miles
533 1508 695 1572 virtutem
720 1510 854 1587 videns,
879 1507 1106 1577 admiratione

159 1605 324 1668 ineffabili
347 1607 561 1688 stupefactus
583 1609 714 1672 corruit
739 1608 783 1670 ad
806 1610 911 1691 pedes
933 1611 998 1674 viri
1025 1611 1104 1689 Dei,

159 1724 229 1784 quo
246 1704 342 1768 sacto
357 1705 524 1770 Wlsricus
541 1707 706 1770 confusus
722 1716 873 1772 erectum
890 1710 1032 1773 militem
1046 1711 1105 1774 ad-

155 1803 302 1885 juravit,
319 1805 458 1868 nedum
475 1807 607 1870 viveret
622 1805 697 1869 haec
713 1807 815 1870 alicui
832 1808 1021 1886 revelaret3
1045 1810 1105 1873 sed

161 1904 209 1966 rei
227 1903 323 1966 fama
346 1904 490 1968 celebris
515 1905 620 1968 celari
645 1925 713 1969 non
737 1907 862 1988 potuit,
887 1927 965 1971 cum
988 1909 1106 1989 plures

160 2002 224 2065 viri
239 2002 394 2084 religiosi
409 2004 453 2067 de
475 2004 595 2080 eadem
617 2004 725 2068 lorica
748 2003 895 2070 annulos
918 2025 956 2068 se
978 2006 1104 2070 habere

159 2101 346 2180 gaudeant,
361 2101 404 2166 'et
425 2102 519 2166 fama
539 2103 683 2166 celebris
698 2103 764 2168 viri
787 2105 854 2169 Dei
878 2106 984 2169 totins
1008 2107 1106 2187 regni

160 2200 243 2264 lines
261 2202 528 2284 circumquaque
543 2201 741 2284 perlustret.

205 2350 401 2456 Deductae,
416 2377 471 2460 qui
485 2353 606 2442 diabole
622 2377 931 2465 honmpiusmfeoerit,
949 2402 970 2444 a
988 2377 1056 2444 uiro

519 2475 735 2556 Deil'beruto.

208 2600 252 2663 In
278 2599 532 2679 aquilonalibus
559 2596 698 2681 Angliae
723 2598 879 2683 partibus
904 2600 1007 2665 homo
1029 2604 1105 2685 qui-

159 2699 236 2762 dam
262 2705 339 2761 erat
361 2699 463 2764 valde
485 2700 703 2775 miserabilis,
733 2701 793 2781 qui
816 2699 989 2764 fortunam
1016 2722 1103 2784 pau-

156 2797 302 2880 pertatis
324 2816 393 2861 non
417 2817 515 2879 aeque
533 2798 645 2861 ferens
662 2799 800 2862 diabolo
822 2818 944 2862 manus
961 2800 1055 2865 dedit
1068 2809 1103 2865 et

156 2895 355 2976 homagium
373 2897 404 2958 ei
420 2896 512 2960 fecit.
567 2897 736 2960 Diabolus
751 2905 880 2976 antem,
898 2919 975 2961 cum
990 2909 1103 2981 captae

156 2993 284 3076 praedae
315 3014 387 3072 suae
415 2995 627 3077 aliquamdiu
655 2996 880 3072 incubuisset,
915 2999 1019 3061 miser
1044 2999 1102 3062 ille

157 3094 352 3174 intelligens
373 3101 507 3158 reatum
523 3113 623 3157 sunm
639 3095 808 3175 poenitere
824 3097 943 3176 coepit,
959 3098 1103 3160 circum-

156 3193 305 3274 spiciens
323 3200 358 3256 et
379 3192 583 3268 deliberans,
600 3193 656 3256 cui
680 3213 717 3256 se
739 3201 887 3276 patrono
909 3197 1101 3259 committe-

156 3299 221 3368 ret,
237 3291 408 3373 qui'illum
425 3310 447 3354 a
460 3298 570 3355 morte
588 3293 711 3355 animae
733 3293 906 3380 liberaret.
960 3293 1101 3358 Postre-

155 3411 212 3453 mo
229 3392 371 3453 beatum
389 3389 571 3454 Wlsricum
596 3391 690 3454 adire
707 3391 923 3467 deliberavit,
943 3391 979 3456 in
1001 3393 1102 3476 cujus

156 3509 261 3552 manu
287 3487 382 3551 salus
399 3490 574 3570 quiescere
591 3489 781 3566 dicebatur,
804 3496 839 3553 et
856 3490 899 3552 de
916 3510 1101 3572 progressu

155 3608 219 3651 suo
231 3587 332 3651 valde
346 3586 528 3665 sollicitus,
544 3606 621 3651 cum
638 3588 773 3650 cuidam
785 3608 925 3652 suornm
939 3591 974 3654 id
988 3591 1101 3672 ipsum

156 3687 357 3762 revelasset,
379 3687 515 3751 adstitit
534 3687 565 3750 ei
582 3686 741 3750 diabolus
755 3687 791 3748 in
806 3686 918 3769 effigie
935 3698 1102 3755 consueta

156 3793 191 3848 et
218 3792 312 3858 nota,
337 3784 433 3847 illum
461 3785 666 3866 proditionis
696 3803 845 3866 arguens
873 3790 1102 3868 castigatione

156 3884 286 3948 erudeli
306 3902 345 3946 se
362 3883 476 3965 ipsum
496 3885 619 3967 punire
644 3885 806 3962 minatur,
823 3886 852 3948 si
873 3886 955 3967 quid
974 3888 1044 3949 tale
1059 3888 1102 3951 de
1214 3932 1216 3936 s

157 3991 283 4046 caetero
313 3989 523 4060 attentaret3
554 3991 591 4046 at
620 3982 722 4047 homo
745 3983 804 4046 ille
832 3984 897 4046 sibi
928 3985 1101 4048 silentium

156 4081 333 4162 imponens
348 4080 434 4146 vidit
449 4082 643 4159 manifeste,
652 4081 742 4164 quod
753 4083 911 4145 inimicus
921 4081 997 4164 ejus
1009 4085 1103 4163 cogi-

157 4181 304 4243 tationes
320 4179 433 4242 cordis
450 4180 504 4243 sui
521 4201 591 4245 nou
607 4181 839 4262 cognovisset,
854 4182 919 4244 nisi
934 4199 994 4244 eas
1006 4182 1103 4262 prius

156 4279 368 4358 perverbum
384 4280 592 4360 prodidisset
607 4280 662 4345 vel
679 4281 827 4360 signum,
875 4280 1103 4344 Dissimulate
