3144 5180
291 685 347 724 Δ.Ι).
358 685 414 725 noa

292 736 374 774 Leaen

292 786 317 822 ol
324 785 402 823 Becket

293 835 334 874 and
344 835 421 875 othere.

451 491 518 556 328
708 507 846 554 ⁴nocam
870 507 917 554 nn
939 503 1147 555 wunnovnn

452 665 489 728 in
513 664 609 727 nullo
629 664 851 742 reclamante,
871 684 947 727 cum
971 664 1064 727 volet
1082 661 1228 744 quilibet
1250 661 1405 743 appella-

453 765 527 843 bit;
543 752 593 826 'in
614 783 696 846 quo,
721 759 751 828 si
775 764 848 847 juri
870 771 986 827 vestro
1009 763 1065 827 vel
1089 762 1212 826 honori
1239 760 1404 845 praejudi-

453 870 553 928 catur
571 863 609 925 in
632 863 760 945 aliquo,
785 863 821 927 id
848 882 886 926 se
914 862 1022 926 totius
1050 861 1204 925 ecclesiae
1226 861 1325 940 regni
1349 858 1402 922 sni

453 961 598 1026 consilio
630 969 864 1026 correcturum
893 960 928 1023 in
960 961 1132 1043 proximo,
1157 959 1305 1042 juvante
1330 959 1404 1020 Do·

454 1061 560 1137 mino,
578 1060 772 1142 pollicetur.
821 1059 1069 1142 Imperatorem
1085 1059 1197 1134 illum,
1211 1057 1278 1122 etsi
1297 1056 1405 1120 schis-

456 1161 620 1222 maticum
643 1160 791 1236 noverit,
816 1177 838 1222 a
860 1158 959 1222 vobis
983 1165 1099 1223 tamen
1127 1157 1404 1221 excommunica-

403 1263 404 1266 ’
457 1268 531 1322 tum
560 1276 649 1335 esse,
682 1278 791 1344 usque
823 1257 925 1322 bodie
955 1277 1025 1321 non
1054 1255 1223 1333 rescivit;
1254 1253 1347 1337 quod
1374 1254 1405 1316 si

435 1377 436 1380 ¹
457 1357 718 1420 denuntiatione
742 1365 861 1421 vestra
886 1356 1077 1432 resciverit,
1103 1355 1133 1418 si
1159 1354 1273 1418 ioedus
1301 1354 1405 1418 illici·

458 1465 531 1519 tum
557 1474 635 1518 cum
654 1457 731 1543 ipso
749 1456 806 1520 vel
828 1457 983 1538 quolibet
1004 1455 1073 1519 alio
1096 1455 1186 1531 iniit,
1206 1461 1241 1517 et
1259 1452 1325 1516 boc
1347 1473 1406 1516 ec-

458 1554 572 1622 clesiae
590 1555 688 1636 regni
707 1555 761 1618 sui
779 1555 913 1637 judicio
936 1554 1039 1619 simul
1056 1560 1092 1618 et
1108 1553 1251 1617 consilio
1278 1571 1315 1615 se
1330 1571 1407 1615 cor-

458 1661 632 1716 recturum
662 1653 843 1736 promittit.
895 1653 1036 1720 Patrem
1064 1660 1221 1717 nostrum
1252 1650 1406 1715 Cantua-

458 1751 606 1814 riensem
626 1752 923 1835 archiepiscopum
947 1773 970 1817 a
993 1771 1100 1834 regno
1124 1769 1188 1816 suo
1213 1769 1252 1815 se
1276 1768 1407 1831 nequa·

459 1869 564 1932 quam
596 1851 772 1933 expulisse
804 1853 941 1930 asserit,
976 1852 1068 1916 unde
1106 1849 1196 1915 sicut
1227 1850 1408 1913 ultroncus

459 1949 615 2026 recessit,
629 1949 679 2014 sic
697 1950 740 2015 ad
763 1952 942 2018 ecclesiam
961 1971 1073 2027 suam,
1093 1969 1171 2014 cum
1190 1950 1257 2014 sibi
1279 1948 1408 2013 sederit

460 2049 589 2126 animo,
606 2048 709 2130 plena
728 2069 813 2131 pace
833 2052 960 2116 reverti
979 2051 1045 2114 sibi
1065 2049 1210 2114 liberum
1230 2049 1307 2125 crit,
1324 2048 1408 2112 dum

461 2148 630 2211 tamenin
650 2149 894 2215 satisfaciendo
917 2150 983 2214 sibi
1002 2148 1192 2233 superbiis
1213 2148 1304 2211 unde
1324 2166 1409 2210 con-

461 2246 631 2327 queritur,
648 2248 763 2330 regias
784 2249 862 2327 sibi,
876 2250 913 2312 in
937 2267 1025 2331 quas
1045 2248 1186 2332 juratus
1206 2255 1271 2325 est,
1293 2245 1410 2327 digni·

461 2352 553 2411 tates
568 2346 652 2412 velit
671 2348 807 2430 integre
826 2367 1053 2426 conservare3
1084 2349 1186 2428 siqua
1201 2365 1281 2411 vero
1300 2346 1412 2410 eccle-

462 2443 604 2508 siastica
626 2465 776 2528 persona
793 2448 847 2512 vel
864 2449 1010 2511 ecclesia
1025 2447 1069 2511 ab
1085 2447 1162 2528 ipso
1177 2445 1234 2510 vel
1249 2464 1271 2508 a
1285 2446 1358 2509 suis
1371 2465 1412 2508 se

462 2551 645 2623 gravatam
669 2546 870 2625 ostenderit,
900 2546 1128 2634 satisfactioni
1159 2546 1271 2628 plenae
1300 2544 1411 2608 totius

462 2641 617 2705 ecclesiae
641 2641 775 2725 judicio
797 2652 941 2726 paratus
969 2645 1046 2709 erit.
1098 2643 1188 2708 Haec
1217 2663 1239 2708 a
1270 2643 1413 2708 domino

464 2747 582 2802 nostro
602 2759 684 2821 rege
706 2740 742 2804 in
766 2746 940 2826 responsis
961 2744 1167 2827 accepimus,
1185 2744 1245 2825 qui
1268 2761 1410 2807 cansam

463 2857 561 2900 suam
590 2839 775 2920 plurimum
797 2842 864 2905 sibi
881 2842 1075 2926 justificare
1096 2843 1246 2919 videtur,
1270 2861 1347 2905 cum
1372 2843 1410 2904 in

463 2937 635 3014 omnibuS,
667 2957 747 3020 quae
780 2941 874 3005 dicta
905 2950 999 3020 sunt,
1031 2943 1185 3006 ecclesiae
1223 2942 1322 3024 regni
1356 2943 1413 3006 sui

458 3034 591 3117 judicio
623 3055 661 3100 se
691 3039 884 3119 pariturum
911 3041 1093 3123 promittit.
1159 3041 1261 3106 Unde
1285 3047 1413 3105 vestrae

463 3134 726 3217 supplicandum
740 3139 979 3203 existimamus
995 3140 1222 3217 excellentiae,
1240 3148 1414 3222 quatenus

463 3233 549 3296 illud
578 3254 663 3316 prae·
681 3235 790 3300 oculis
819 3238 986 3303 babentes
1011 3240 1182 3304 calamum
1208 3246 1413 3321 quassatum

465 3351 533 3396 non
561 3341 729 3412 conterere,
753 3335 861 3401 linum
889 3338 1061 3420 fumigans
1095 3358 1164 3402 non
1194 3339 1413 3419 exstingues,

464 3431 575 3496 zelum
588 3431 687 3496 illum
708 3443 880 3512 sanctum,
895 3439 955 3520 qui
970 3438 1015 3502 ad
1030 3437 1261 3501 ulciscendam
1275 3457 1412 3500 ornnem

463 3531 619 3594 ecclesiae
642 3531 710 3597 Dei
737 3534 899 3616 injuriam
925 3555 1112 3600 succensus
1135 3546 1201 3613 est,
1224 3537 1255 3600 si
1282 3535 1412 3617 placet,

461 3629 508 3692 ad
536 3635 672 3712 tempus
700 3630 794 3697 intra
820 3633 907 3698 fines
933 3635 1111 3700 modestiae
1136 3636 1338 3712 cohibeatis,
1366 3653 1412 3699 ne

462 3728 520 3791 vel
534 3728 708 3794 interdicti
724 3734 943 3812 sententiam,
959 3735 1018 3800 vel
1033 3735 1191 3798 ultimum
1213 3734 1299 3798 illud
1321 3754 1414 3817 prae-

465 3827 604 3890 cisionis
622 3828 771 3910 elogium
790 3831 1007 3913 proferendo,
1029 3834 1192 3898 ecclesias
1212 3835 1413 3897 innumeras

466 3926 620 3990 subverti
650 3927 773 4020 misere
803 3930 961 4010 doleatis,
986 3941 1022 3998 et
1051 3940 1124 3996 tarn
1151 3953 1268 4014 regem
1296 3933 1413 4015 ipsum

462 4044 570 4106 quam
592 4025 789 4092 innumeros
811 4049 889 4093 cum
905 4051 946 4095 eo
966 4033 1113 4113 populos
1133 4052 1156 4096 a
1168 4039 1296 4109 vestra,
1319 4032 1412 4114 quod

466 4125 569 4202 absit,
594 4125 790 4190 obedientia
811 4129 1084 4194 irrevocabiliter
1106 4132 1297 4210 avertatis;
1332 4150 1413 4194 san-

465 4223 543 4302 guis
569 4225 685 4304 regius
709 4233 782 4291 tum
808 4247 845 4292 se
868 4229 1003 4296 demum
1026 4231 1195 4313 permittit
1221 4229 1316 4294 vinci
1334 4250 1413 4296 cum
