3104 5186
464 547 532 612 132
716 563 856 611 nocam
879 564 927 610 nn
949 563 1157 611 wunnovnn

307 735 431 774 A·D·¹⁰⁹⁹·
469 723 592 787 donem
627 723 830 805 attigerunt,
863 730 910 801 et,
933 724 968 786 in
997 723 1149 786 crastino
1172 738 1336 803 percursa
1356 719 1423 783 Sa·

306 785 456 875 {mg
468 830 570 904 repta
584 822 764 904 prophetae
782 821 900 886 Heliae
916 823 1077 898 nutricia,
1096 823 1140 884 ad
1157 821 1250 884 illins
1267 819 1421 900 regionis

468 921 686 1001 metropolim
711 922 843 1004 Tyrum
869 929 1114 1003 pervenerunt,
1137 927 1173 984 et
1195 920 1319 984 dehinc
1341 938 1423 999 pro-

467 1019 551 1084 fecti
565 1017 690 1084 Achon
714 1027 750 1085 ot
772 1021 816 1085 ab
837 1020 961 1084 Achon
983 1021 1171 1102 progressi,
1196 1018 1379 1083 Galilaeam
1400 1035 1422 1080 a

466 1120 558 1184 laeva
575 1119 784 1197 deserentes,
800 1121 891 1184 inter
908 1118 1105 1183 Carmelum
1121 1126 1156 1182 et
1178 1138 1284 1194 mare,
1300 1115 1421 1180 Caesa-

468 1223 563 1283 ream
582 1218 771 1282 Palestinae
788 1211 1019 1301 metropolim,
1034 1237 1113 1300 quae
1130 1225 1166 1281 et
1183 1217 1304 1280 Turris
1322 1214 1422 1279 Stra-

467 1319 561 1382 tonis
587 1318 656 1381 alio
680 1318 818 1383 nomine
846 1318 1055 1400 appellatur.
1129 1316 1280 1395 Quidam
1303 1322 1421 1379 autem

469 1417 642 1499 principes
664 1424 899 1498 porcastrum
923 1417 1094 1482 Bethelon
1113 1423 1332 1480 transeuntes
1355 1419 1421 1497 ap-

469 1516 665 1598 plicuerunt
695 1516 739 1579 ad
767 1518 886 1581 urbem
913 1516 1051 1581 Baruch
1082 1517 1119 1579 in
1147 1515 1202 1578 die
1226 1513 1421 1581 Dominicae

466 1615 709 1694 ascensionis3
742 1615 824 1678 inde
851 1636 913 1698 per
935 1609 1127 1698 JSagittam
1156 1614 1200 1677 ad
1226 1615 1354 1679 Arram
1385 1622 1422 1677 et

468 1712 651 1796 Caypham
674 1721 906 1791 transeuntes,
931 1715 1020 1778 diem
1046 1714 1277 1779 Pentecosten
1302 1733 1423 1778 omnes

468 1812 600 1894 pariter
627 1815 828 1896 congregati
861 1814 952 1896 apud
978 1813 1175 1878 Caesaream
1206 1820 1331 1895 quarto
1356 1810 1423 1874 ka-

466 1912 588 1976 ·lendas
602 1911 689 1976 Julii
703 1914 902 1978 solemniter
916 1913 1145 1977 celebrarunt.

389 2089 391 2098 ’
483 2117 486 2122 ·
518 2089 568 2154 Do
583 2087 765 2154 duohtiouo
779 2063 906 2154 archia
924 2089 1026 2153 suncti
1045 2087 1170 2174 Georgii
1184 2087 1334 2170 martyris
1349 2107 1371 2148 a

824 2251 828 2260 ,
883 2188 1003 2252 Turris.

521 2311 670 2377 Peracta
685 2313 805 2395 itaque
825 2313 872 2376 ibi
893 2313 997 2376 trium
1017 2331 1115 2375 mora
1131 2310 1273 2387 dierum,
1291 2310 1423 2375 relictis

470 2431 492 2474 a
517 2411 642 2474 dextra
664 2411 749 2475 locis
775 2412 956 2475 maritimis
979 2409 1204 2493 Antipatrida
1229 2419 1265 2474 et
1292 2409 1315 2473 J
1318 2431 1423 2492 oppe‚

465 2510 707 2574 Eleutheriam
733 2517 962 2588 transeuntes
983 2510 1152 2593 Lyddam‚
1174 2529 1252 2592 quae
1275 2509 1421 2591 Eliopo·

469 2609 513 2671 lis
536 2609 674 2686 dicitur,
696 2611 756 2672 ubi
780 2608 924 2690 Georgii
947 2611 1109 2692 martyris
1135 2608 1267 2691 egregii
1292 2628 1421 2690 corpus

469 2709 668 2790 requiescit,
695 2717 947 2791 pervenerunt3
974 2709 1073 2794 cujus
1097 2708 1278 2772 ecclesiam
1301 2707 1421 2772 hostes

471 2807 550 2870 fidei
580 2806 685 2890 paulo
718 2815 799 2872 ante
824 2809 1010 2873 adventum
1038 2808 1298 2890 peregrinorum
1325 2808 1421 2890 deje-

466 2913 602 2981 cerant,
620 2913 812 2971 metuentes
834 2927 877 2972 ne
895 2909 1011 2972 trabes
1025 2908 1190 2983 basilicae,
1205 2926 1283 2988 quae
1299 2906 1421 2970 multae

468 3005 687 3086 proceritatis
702 3015 813 3083 eraut,
828 3006 864 3070 in
881 3007 1058 3070 machinas
1072 3006 1201 3071 vellent
1217 3013 1421 3070 convertere

469 3111 506 3167 et
520 3105 615 3168 urbis
632 3105 712 3168 inde
728 3105 857 3169 moenia
873 3125 1082 3188 expugnare.
1137 3105 1318 3169 Profectus
1338 3106 1421 3170 inde

466 3222 585 3266 comes
598 3203 834 3282 Flandrensis,
847 3205 1034 3282 RobertuS‚
1052 3204 1238 3268 Ramulam
1248 3205 1422 3286 pervenit,

467 3309 506 3365 et
528 3310 659 3384 portas,
675 3323 762 3386 quas
785 3311 944 3386 patentes
966 3305 1159 3380 inveniunt,
1185 3303 1422 3385 ingredientes

469 3403 588 3465 urbem
611 3422 758 3466 vacuam
786 3387 1006 3485 repererunt3
1039 3410 1141 3470 nocte
1169 3423 1253 3466 sane
1275 3411 1423 3485 praeter*

470 3501 521 3564 ita
555 3501 674 3578 anci,
709 3509 906 3567 nostrorum
939 3510 1187 3586 cognoscentes
1220 3503 1424 3580 adventum,

469 3601 636 3664 abeuntes
658 3602 724 3664 sibi
746 3603 926 3666 consulere
943 3603 1187 3685 procurabant.
1240 3600 1423 3684 Principes

469 3718 552 3762 vero
570 3699 630 3764 alii
644 3700 680 3762 in
694 3702 847 3765 crastino
862 3702 944 3765 illuc
960 3703 1137 3766 venientes
1155 3720 1290 3765 omnem
1309 3702 1423 3765 abun·
1536 3763 1537 3779 ,

461 3797 625 3870 :dantium
645 3798 820 3876 frumenti,
836 3801 909 3864 vini
933 3809 968 3864 et
985 3802 1052 3865 olei
1070 3807 1282 3882 repererunt,
1302 3807 1422 3882 atque,
1535 3849 1536 3871 t

461 3916 530 3979 -per
564 3896 715 3961 triduum
750 3900 798 3963 ibi
831 3919 963 3964 moram
997 3901 1176 3976 facientes,
1204 3892 1424 3963 ²Robertum

460 3996 651 4078 quendam,
661 4016 786 4078 genere
798 3997 1085 4075 Normannicum,
1098 3999 1251 4082 ejusdem
1266 3999 1423 4063 civitatis

504 4193 671 4262 'Sugittum.]
698 4201 765 4249 Now
794 4201 881 4266 Soida,
903 4218 932 4252 or
991 4194 1168 4267 'notatum
1195 4200 1238 4248 He
1257 4200 1317 4249 died
1336 4201 1425 4251 before

467 4265 543 4318 Saide
553 4283 560 4329 ς
572 4268 689 4330 formerly
697 4269 784 4320 Sidon.
956 4275 1042 4391 33?AE
1049 4269 1211 4388 cgrinpltgsslLe
1224 4270 1319 4370 Quian,
1327 4270 1426 4320 Oriens
