3178 5194
441 540 582 588 ruonns
605 539 877 589 nrsrournnuu.
1063 525 1128 590 427

177 716 239 760 rex
260 697 473 762 Francorum
489 702 525 761 et
542 695 739 782 Philippus,
753 698 870 763 comes
894 698 1264 778 Flnndrensis,A-u·1¹⁸⁸·

177 815 313 861 crucem
327 802 502 862 sumentes
510 798 707 880 exemplum
722 798 800 863 aliis
814 799 1030 881 potissimum
1041 818 1131 882 praa-

177 897 346 975 huerunt;
373 896 465 960 unde
479 903 551 960 tam
572 897 609 961 in
629 898 786 981 imperio,
800 917 903 982 quam
919 898 962 962 de
981 905 1130 982 utroque

179 1014 287 1076 regno
305 1014 426 1077 regum
446 995 703 1079 praedictorum,
719 997 980 1086 archiepiscopi,
998 998 1132 1081 episco-

180 1095 228 1178 pi,
246 1094 364 1172 duces,
384 1094 599 1160 marchiones
626 1103 662 1160 et
685 1097 839 1173 comites,
860 1098 1022 1174 barones,
1042 1098 1131 1162 mili·

180 1201 233 1258 tes
254 1202 290 1260 et
308 1194 431 1258 mediae
450 1213 575 1260 manus
596 1194 751 1260 homiues
772 1197 966 1280 vulgusque
986 1198 1133 1279 promis-

182 1313 284 1358 cuum
305 1312 440 1360 crucem
461 1293 650 1360 animosius
665 1304 903 1378 susceperunt.
948 1296 1132 1362 Provisum

183 1401 237 1459 est
252 1393 358 1459 etiam
379 1393 562 1472 intereos,
585 1401 626 1459 ut
646 1413 765 1458 omnes
786 1395 829 1459 de
848 1415 957 1478 regno
981 1396 1134 1460 Franco-

182 1513 259 1557 rum
290 1511 410 1558 cruces
440 1494 578 1571 rubeas,
610 1493 652 1557 de
682 1495 785 1558 terris
814 1495 908 1578 regis
939 1494 1134 1577 Anglorum

183 1593 294 1670 albas,
316 1592 359 1657 de
386 1599 479 1656 terra
504 1592 640 1660 comitis
672 1593 897 1660 Flandrensis
918 1595 1046 1659 virides
1073 1594 1135 1659 ha-

183 1693 304 1758 berent
321 1710 452 1756 cruces.
500 1694 556 1758 De
578 1694 680 1758 terris
703 1701 832 1774 autem,
853 1694 1005 1760 castellis
1025 1701 1061 1759 et
1080 1713 1134 1758 re-

186 1792 251 1856 bus
282 1792 441 1856 omnibus
468 1811 579 1875 usque
606 1801 749 1875 peracta
779 1794 1069 1878 peregrinatione,
1099 1801 1136 1858 et

185 1891 330 1973 quilibet
353 1910 471 1955 eorum
496 1893 648 1956 interra
671 1911 736 1957 sua
758 1893 990 1975 quadragmta
1014 1893 1136 1956 diebus

183 2009 316 2054 moram
347 1990 497 2069 fecisset,
529 1991 646 2056 omnia
673 1999 790 2057 essent
812 1993 848 2056 in
875 2011 916 2056 eo
945 1997 1038 2056 statu
1065 2010 1135 2074 quo

184 2089 326 2158 fuerunt
336 2091 373 2154 in
391 2090 447 2156 dic
461 2111 531 2174 quo
548 2109 683 2155 crucem
699 2096 936 2174 susceperunt.

188 2279 290 2360 Quaere
305 2278 498 2358 Richardee,
514 2301 606 2345 omues
618 2279 842 2357 Pictaviorum,
858 2279 998 2350 enimam
1014 2299 1103 2344 suum
1117 2298 1139 2342 o

510 2387 606 2476 patre
619 2378 814 2476 diminuerit.
925 2459 928 2464 Δ

238 2495 356 2566 Circa¹
374 2502 448 2567 dies
465 2503 552 2568 istos
567 2466 759 2566 (laufridus
774 2500 817 2565 de
835 2499 1014 2565 liziniaco
1028 2519 1137 2583 quen·
1149 2514 1258 2607 gesan

188 2601 266 2665 dam
302 2602 490 2680 Richardo,
524 2602 641 2667 comiti
678 2599 903 2678 Pictaviensi,
934 2600 1138 2664 familiarem

188 2702 332 2766 structis
360 2703 494 2767 insidiis
521 2701 717 2782 interfecit;
747 2701 784 2765 in
806 2700 897 2766 tanti
923 2719 1006 2766 vero
1035 2699 1139 2764 ultio-

188 2820 266 2865 nem
293 2801 411 2866 delicti
433 2823 548 2868 comes
575 2803 619 2868 ad
639 2819 737 2867 arma
754 2808 975 2884 provocatur,
997 2799 1058 2865 sed
1081 2817 1139 2865 ao·

188 2907 299 2980 ceptae
327 2903 439 2964 crucis
470 2922 539 2967 non
561 2903 741 2967 immemor
761 2902 920 2967 omnihus
945 2900 1142 2965 hominibus

191 2994 352 3060 Gausridi
368 2999 481 3063 crucis
498 3001 678 3080 signaculo
695 3002 852 3082 insigniri
868 3001 1064 3066 volentibus
1081 3019 1141 3082 pe-

190 3093 313 3177 percit,
340 3093 428 3158 alios
451 3097 487 3158 in
515 3116 574 3162 ore
602 3099 709 3178 gladii
738 3099 923 3177 interfecit,
955 3105 992 3162 et
1019 3099 1055 3161 in
1081 3099 1141 3162 de-

191 3191 356 3257 ditionem
377 3192 479 3276 plura
495 3195 640 3258 castella
659 3197 832 3278 suscepit3
855 3197 915 3260 sed
936 3196 1141 3274 Gaufridus,

191 3293 283 3375 regis
301 3292 498 3376 Anglorum
518 3293 626 3357 fultus
648 3295 796 3377 pecunia
811 3302 847 3359 et
869 3295 1013 3371 auxilio,
1032 3301 1074 3359 ut
1090 3294 1140 3358 di·

192 3393 347 3470 cebatur,
370 3392 546 3458 Richardo
569 3394 685 3458 comiti
707 3393 836 3458 restitit
856 3401 893 3458 et
913 3413 1036 3477 parum
1060 3415 1140 3477 pro-

191 3492 285 3570 fecit,
309 3493 400 3557 unde
425 3493 517 3558 idem
545 3513 661 3559 comes
688 3493 838 3558 animum
867 3513 968 3558 sunm
994 3514 1016 3560 a
1042 3503 1141 3578 patre

192 3592 368 3657 alienavit.
407 3591 576 3658 Gaufrido
599 3595 719 3676 itaque
738 3587 915 3677 superato,
936 3593 1052 3660 comes
1071 3602 1141 3659 ter·

191 3710 265 3757 ram
286 3693 420 3757 comitis
435 3692 628 3759 'l'holosani
650 3693 821 3759 hostiliter
842 3694 1031 3777 ingressus,
1051 3693 1142 3778 iuju-

192 3791 301 3855 riatus
320 3795 366 3856 ab
382 3793 472 3875 ipso,
489 3795 583 3858 iutra
597 3795 702 3859 breve
717 3794 883 3876 temporis
898 3795 1049 3878 spatium
1063 3813 1143 3859 ‘cas-

192 3891 276 3954 tella
298 3892 374 3976 ejus
396 3894 629 3975 septendecim
656 3893 868 3978 subjugarit.
922 3894 1004 3959 Rex
1026 3901 1142 3958 autem

194 3989 406 4055 Francorum
432 3992 573 4075 indigue
596 3993 709 4058 ferens
732 3993 824 4076 quod
852 4013 968 4058 comes
997 3992 1144 4059 Richar-

194 4090 259 4152 dus
284 4097 411 4154 terram
433 4094 568 4158 comitis
594 4093 785 4159 Tholosani
805 4095 983 4176 ingressus
1008 4093 1144 4171 fnisset,

197 4312 199 4316 ’
285 4383 289 4392 ι
314 4313 565 4388 wimodiorum]
582 4319 789 4383 Abridgedfrom
800 4320 1029 4383 Diceto,col.63tl.
