3138 5184
439 533 505 602 158
696 552 832 602 noceor
854 553 902 601 or
925 553 1132 602 wuuoovrn

279 725 335 766 un.
345 725 404 768 na.
441 729 521 774 cum
536 710 681 792 sagitta,
698 727 801 773 cervo
817 709 1012 786 intendens,
1034 709 1163 773 inscius
1179 727 1298 790 regem
1315 727 1399 790 per·-

441 810 563 874 cussit.
615 809 696 874 Rex
723 809 898 872 antemio
925 808 1027 872 corde
1052 826 1239 892 percussus
1261 808 1397 872 corruit

442 909 480 972 in
497 915 625 973 terram
647 927 712 972 nec
724 909 868 972 verbum
882 907 1001 984 edidit,
1016 908 1077 972 sed
1094 909 1203 972 vitam
1219 906 1397 972 crudelem

282 1014 433 1064 letetur·-
441 1007 513 1072 fine
526 1009 652 1073 misero
665 1006 875 1072 terminavit.
903 1006 1138 1090 Ejusquoque
1149 999 1315 1072 mortem¹
1322 1005 1398 1086 sig-

282 1064 402 1152 dadiwdh
442 1126 490 1170 na
513 1107 663 1189 plurima
680 1111 942 1189 praevenerunt;
967 1124 1047 1169 uam
1070 1106 1163 1169 idem
1184 1125 1259 1183 rex,
1281 1105 1395 1187 pridie

283 1162 377 1252 {diff
441 1212 525 1270 ante
554 1225 674 1270 necem
703 1224 813 1282 suam,
840 1205 929 1269 vidit
953 1224 1016 1287 per
1041 1224 1199 1268 somnum
1223 1223 1302 1268 sese
1330 1204 1397 1266 fle·

443 1305 607 1370 botomiae
639 1306 711 1369 ictu
742 1304 947 1386 sanguinem
977 1304 1145 1382 emittere,
1187 1310 1223 1367 et
1255 1303 1396 1367 radium

441 1405 576 1469 cruoris
608 1404 645 1466 in
675 1404 798 1467 caelum
829 1422 939 1485 usque
973 1410 1154 1467 extentum
1188 1403 1300 1466 lucem
1331 1403 1396 1466 ob-

443 1503 601 1566 nubilare
623 1508 659 1566 et
680 1502 750 1566 diei
770 1502 992 1585 interpellare
1012 1502 1220 1581 claritatem
1247 1521 1312 1566 rex
1331 1521 1395 1564 an·

445 1609 527 1678 tem,
549 1608 674 1666 sancta
696 1601 812 1666 Maria
828 1603 991 1666 invocata
1015 1609 1051 1666 et
1071 1621 1192 1667 somno
1212 1619 1395 1678 excussus,

445 1701 562 1764 lumen
575 1701 694 1764 inferri
715 1701 892 1784 praecepit,
912 1708 947 1765 et
966 1701 1193 1766 cubicularios
1218 1720 1240 1764 a
1263 1719 1300 1764 se
1322 1701 1397 1763 dis·

444 1800 568 1864 cedere
589 1820 660 1864 non
677 1801 880 1883 permittens
899 1801 1074 1864 residuum
1091 1801 1204 1864 noctis
1225 1800 1396 1864 insomnis

445 1900 591 1982 peregit.
613 1899 723 1963 Mane
732 1917 828 1976 vero,
839 1918 918 1963 cum
934 1919 1061 1965 aurora
1076 1899 1260 1976 illuxisset,
1274 1917 1397 1962 mona-

445 1999 532 2062 chus
548 1999 689 2081 quidam
702 1998 967 2076 transmarinus
982 1998 1042 2082 qui
1058 2018 1123 2081 pro
1145 1999 1301 2062 ecclesiae
1318 2017 1394 2061 suae

352 2161 356 2176 ,
446 2099 598 2179 negotiis
621 2099 714 2180 regis
741 2099 873 2161 curiam
895 2100 1117 2181 sequebatur,
1140 2097 1295 2162 Roberto
1321 2096 1395 2160 filio

449 2195 635 2276 Hamonis,
650 2198 726 2262 viro
740 2198 876 2279 potenti
893 2204 930 2260 et
944 2198 1020 2279 regi
1037 2197 1211 2274 familiari,
1224 2195 1399 2260 somnium

449 2296 580 2374 retulit,
612 2297 704 2379 quod
729 2303 830 2360 nocte
853 2296 972 2359 eadem
996 2297 1132 2360 viderat
1153 2295 1335 2358 mirificum
1362 2302 1399 2358 et

448 2393 679 2474 horrendum
708 2394 798 2458 vidit
826 2395 918 2457 enim
946 2415 1009 2478 per
1034 2413 1191 2459 somnum
1219 2414 1336 2476 regem
1359 2395 1398 2457 in

449 2493 623 2575 quandam
640 2493 757 2557 venire
781 2493 974 2570 ecclesiam,
996 2501 1165 2576 gestuque
1187 2495 1338 2575 superbo
1362 2500 1400 2556 et

449 2592 623 2668 insolenti,
655 2598 696 2655 ut
725 2591 872 2669 solebat,
905 2593 1013 2674 coepit
1041 2592 1216 2675 despicere
1249 2593 1397 2656 circum·

449 2695 596 2767 stantes,
628 2690 689 2753 ubi
713 2691 917 2754 crucifixum
947 2691 1107 2755 dentibus
1135 2691 1400 2774 apprehendens

449 2788 592 2852 brachia
611 2789 705 2853 illius
727 2791 874 2855 corrosit
892 2797 928 2853 et
947 2809 1049 2854 crura
1072 2809 1172 2873 poene
1197 2789 1399 2869 truncavit3

448 2873 543 2971 'quod
568 2888 753 2952 crucifixus
783 2910 862 2953 cum
887 2890 947 2953 diu
972 2891 1166 2968 tolerasset,
1191 2909 1306 2971 regem
1336 2889 1401 2952 de-

449 3005 546 3050 mum
561 2985 686 3052 dextro
704 2988 789 3070 pede
805 2990 857 3052 ita
872 2989 1017 3071 depulit,
1031 2995 1072 3054 ut
1087 2989 1225 3052 caderet
1241 2990 1277 3051 in
1296 2989 1400 3070 pavi-

450 3093 604 3151 mentum
621 3088 779 3169 supiuus,
801 3094 837 3151 et
854 3107 899 3152 ex
915 3108 974 3153 ore
983 3087 1134 3171 jacentis
1149 3095 1283 3152 tantam
1298 3088 1399 3151 exire

450 3185 623 3250 flammam
640 3186 823 3268 conspexit
844 3193 880 3250 et
901 3188 953 3250 ita
971 3187 1143 3264 diffusam,
1164 3194 1206 3250 ut
1225 3187 1401 3250 fumorum

449 3286 588 3362 nebula,
613 3285 714 3367 quasi
739 3284 845 3348 cbaos
867 3304 1042 3367 magnum,
1069 3305 1180 3368 usque
1210 3286 1254 3350 ad
1279 3287 1400 3350 sidera

449 3385 613 3448 volitaret
635 3391 672 3447 et
689 3383 906 3464 obfuscaret3
937 3385 1028 3449 hanc
1040 3386 1208 3449 visionem
1224 3405 1302 3448 eum
1321 3384 1400 3449 Ro-

448 3483 567 3547 bertus
584 3483 658 3564 regi
674 3482 861 3561 retulisset,
883 3483 1068 3548 cachinnos
1094 3485 1311 3565 ingeminans
1333 3483 1407 3562 ait,-

449 3581 658 3646 ‘Mouachus
668 3581 745 3658 est,'
753 3581 937 3664 inquit,‘et
946 3582 1034 3645 lucri
1043 3601 1149 3646 causa
1157 3582 1400 3648 monachiliter

449 3681 656 3760 somniavit3
679 3679 725 3742 da
740 3681 772 3743 ei
791 3687 929 3744 centum
946 3680 1088 3758 solidos,
1105 3701 1149 3745 ne
1164 3682 1325 3747 videatur
1342 3683 1402 3746 in-

449 3779 562 3843 uniter
577 3779 791 3842 somniasse’
827 3771 932 3862 ²Ejus
948 3787 1118 3862 praeterea
1134 3787 1280 3845 mortem
1295 3781 1402 3844 mise-

449 3896 536 3956 ram,
551 3885 592 3941 ut
605 3877 810 3959 praedictum
824 3885 890 3956 est,
902 3880 1044 3960 sanguis
1062 3880 1104 3944 de
1120 3887 1214 3946 terra
1228 3879 1402 3944 ebulliens

481 4104 719 4174 ¹Sigatapiscinae]
736 4109 862 4173 Compare
869 4111 912 4160 the
938 4111 998 4161 here
1020 4113 1130 4161 inserted
1149 4113 1253 4162 another
1268 4113 1356 4162 drem
1376 4115 1409 4164 oi

449 4182 557 4226 account
575 4177 707 4243 following
724 4180 789 4230 with
807 4181 913 4232 Malms-
936 4181 979 4230 the
994 4182 1067 4244 king,
1084 4182 1134 4231 and
1150 4196 1219 4231 some
1236 4181 1308 4231 other
1323 4187 1406 4244 parti-

450 4245 526 4307 bury,
537 4244 619 4311 §3³2
629 4264 679 4312 seq.
937 4252 1021 4302 culars
1045 4252 1188 4313 respecting
1209 4252 1249 4300 bis
1271 4252 1358 4314 death,
1373 4255 1408 4304 of

486 4312 595 4379 Ἥκω]
620 4317 745 4368 Mottbew
764 4321 841 4370 Paris
864 4320 911 4370 bas
936 4321 1246 4384 asimilarcharscter‚p.
1258 4325 1300 4370 45.
