3104 5186
490 517 556 584 146
744 533 880 583 uocaui
905 533 952 582 nn
977 535 1184 584 wnunovnn

328 709 452 750 annua
491 691 635 756 consilio
667 698 703 756 et
730 692 979 757 certificatione
1012 690 1081 757 Dei
1114 691 1207 774 regis
1243 689 1447 771 acciperent

325 761 478 851 illim..
490 791 650 868 electum,
669 798 708 855 ut
723 792 782 874 qui
796 793 903 855 tantis
925 792 1109 856 sudoribus
1131 801 1167 856 et
1188 788 1350 874 periculis
1369 787 1447 850 hae-

491 889 620 954 reditas
638 890 767 955 Christi
784 891 989 968 salvaretur,
1002 892 1154 976 juratur,
1168 898 1209 955 ut
1226 908 1328 972 quem
1343 887 1445 950 Deus

491 989 646 1072 eligeret,
666 1009 785 1054 omnes
807 998 1017 1072 acceptasse.
1050 985 1223 1054 ¹Traditis
1240 989 1347 1069 igitur
1363 1005 1447 1048 cum

492 1090 541 1152 eis
556 1090 615 1152 uni
630 1090 685 1154 cui
703 1090 896 1172 principum
913 1090 978 1153 sub
997 1090 1138 1166 lumine,
1160 1094 1200 1152 ut
1221 1107 1323 1170 quem
1344 1086 1446 1149 Dens

491 1189 634 1269 eligeret
651 1209 712 1271 per
726 1189 816 1251 cerei
839 1191 1088 1266 accensionem,
1111 1189 1156 1252 ab
1176 1188 1335 1251 omnibus
1356 1203 1447 1248 sane

491 1307 555 1350 rex
572 1287 833 1351 acclamaretur.
863 1287 1005 1352 Electus
1020 1296 1056 1353 et
1072 1288 1144 1350 dux
1161 1286 1447 1351 Normannornm

493 1385 668 1450 Rcbertus
682 1405 783 1449 suum
798 1387 854 1450 cui
870 1405 1053 1450 accensum
1070 1387 1160 1450 clam
1176 1385 1387 1449 extinxisset
1410 1391 1448 1447 et

492 1484 694 1549 electionem
717 1485 760 1548 de
782 1505 820 1548 se
842 1485 1007 1550 divinitus
1029 1486 1158 1549 factam
1185 1484 1368 1548 infeliciter
1391 1502 1449 1546 re-

492 1582 631 1660 futavit,
656 1603 810 1666 sperans,
835 1584 1020 1662 affirmans,
1049 1605 1087 1648 se
1109 1585 1224 1648 adhuc
1252 1585 1288 1646 in
1309 1581 1448 1663 Anglia

494 1683 710 1747 ....litate
738 1701 885 1764 regnare
914 1684 1096 1748 delicatius
1128 1696 1364 1765 regnaturum,
1400 1682 1449 1746 de

492 1799 561 1863 quo
579 1802 687 1863 regno
703 1801 741 1846 se
757 1829 765 1846 .
783 1826 790 1844 .
811 1830 819 1846 .
839 1829 848 1847 .
901 1781 971 1862 Qui
987 1802 1105 1849 omncs
1120 1783 1340 1858 unanimiter,
1362 1787 1450 1862 post

492 1880 621 1945 multas
655 1881 734 1944 hinc
767 1889 803 1945 et
833 1880 914 1944 inde
946 1881 1225 1964 disceptationes,
1253 1883 1291 1945 in
1321 1880 1448 1944 ducem

493 1977 719 2044 Godefridnm
733 1988 976 2057 consonantes
995 1982 1108 2063 ipsum
1132 1982 1276 2062 eligunt,
1295 1987 1331 2043 ct
1351 1980 1448 2042 elec-

492 2085 565 2141 tum
588 2079 771 2162 sepulchro
795 2078 937 2143 Domini
958 2100 1036 2143 cum
1058 2080 1217 2143 laudibus
1242 2086 1277 2143 et
1305 2079 1449 2161 hymnis

492 2184 528 2242 ct
544 2180 688 2242 canticis
705 2185 967 2260 repraesentant.
1019 2178 1075 2242 De
1090 2178 1289 2260 patriarcha
1302 2196 1448 2260 quoque

492 2277 735 2342 constituendo
757 2278 793 2340 in
816 2284 938 2341 sancta
960 2277 1102 2341 civitate
1120 2279 1291 2360 principes
1310 2284 1449 2340 tracta·

493 2383 566 2439 tum
589 2375 767 2451 habentes
792 2376 911 2440 favore
938 2375 1035 2440 ducis
1061 2376 1340 2440 Normannorum
1367 2373 1448 2438 Ro-

492 2475 594 2550 berti,
618 2475 801 2556 episcopus
825 2475 966 2556 quidam
991 2475 1249 2538 Maturancnsis
1273 2475 1316 2538 de
1338 2473 1449 2538 Cala-

492 2572 568 2636 bria
584 2571 805 2655 Arnulphum
823 2572 889 2636 sibi
902 2573 1106 2639 familiarem
1124 2573 1307 2657 quendam,
1324 2593 1446 2637 sacer·

491 2671 584 2734 dotis
610 2673 717 2736 filium
740 2678 776 2736 et
795 2673 886 2736 inter
907 2675 1107 2755 peregrinos
1134 2674 1384 2738 incontinentia
1406 2681 1448 2762 et

492 2770 600 2834 nimia
616 2772 759 2836 levitate
773 2779 943 2849 notatum,
960 2772 995 2835 in
1013 2774 1095 2836 sede
1116 2773 1339 2856 patriarchali
1360 2792 1446 2836 con-

492 2870 619 2949 trusit3
651 2871 711 2934 sed
741 2870 832 2934 idem
860 2869 1075 2953 ArnulphuS,
1102 2873 1172 2936 cita
1196 2879 1306 2935 morte
1333 2872 1447 2934 inter-

491 2970 664 3047 veniente,
681 2978 809 3034 temere
826 2977 1022 3052 susceptam
1039 2979 1179 3035 coactus
1201 2978 1254 3035 est
1271 2971 1450 3052 deponere

489 3066 709 3148 dignitatem.
762 3069 850 3133 Post
863 3070 961 3132 illum
978 3078 1106 3146 autem,
1122 3078 1268 3134 vacante
1282 3070 1362 3133 sede
1379 3089 1447 3152 per

489 3185 627 3230 menses
656 3168 822 3250 quinque,
853 3168 1039 3250 principes,
1068 3169 1128 3251 qui
1154 3176 1343 3251 praesentes
1365 3169 1446 3231 fue·

492 3272 585 3342 runt,
611 3274 691 3348 post
721 3267 866 3330 multam
892 3267 1185 3344 deliberationem,
1209 3267 1446 3332 venerabilem

492 3364 604 3428 virum
630 3365 836 3430 Daibertum
862 3366 898 3428 in
932 3367 1057 3431 throno
1086 3367 1308 3449 patriarchali
1335 3375 1372 3430 et
1405 3368 1446 3431 in

491 3481 575 3527 cura
604 3464 776 3528 collocant
805 3463 996 3546 pastorali3
1023 3465 1089 3529 fuit
1112 3473 1226 3528 autern
1247 3472 1351 3528 antea
1368 3467 1447 3547 epi·

490 3580 617 3643 scopus
636 3562 776 3627 Pisanae
798 3562 966 3640 ecclesiae,
983 3565 1038 3628 vir
1057 3563 1101 3626 ad
1124 3563 1261 3646 plenum
1286 3559 1446 3628 eruditus

490 3667 526 3724 ct
542 3661 578 3724 in
596 3661 739 3742 agendis
752 3661 997 3726 ecclesiasticis
1013 3682 1035 3725 a
1050 3683 1157 3745 puero
1174 3664 1356 3726 enutritus.

525 3887 763 3955 mecumgens]
779 3893 833 3942 The
843 3907 952 3956 passage
979 3894 1181 3943 Nornrannomm
1209 3894 1345 3956 Rcbertus,
1366 3909 1447 3949 suurn

488 3957 619 4022 following
626 3961 951 4023 shouldprobablyberead
977 3964 1022 4024 qui
1044 3978 1178 4012 accensum
1200 3964 1267 4012 clarn
1289 3966 1400 4015 extinxit
1418 3976 1448 4018 et

489 4028 564 4088 thus;
587 4031 717 4080 ‘iraditis
740 4033 820 4092 igitur
839 4032 951 4082 candelis
976 4034 1122 4082 electionem
1133 4034 1165 4081 de
1177 4047 1204 4082 se
1213 4033 1337 4082 divinitus
1348 4034 1448 4088 factam

489 4099 627 4160 unicuique
635 4101 778 4161 principum
786 4102 839 4149 sinc
847 4102 951 4163 lumine,
976 4102 1111 4151 infeliciter
1129 4101 1258 4162 refutarit,
1280 4117 1396 4168 sperans,
1415 4123 1447 4158 se

488 4171 603 4228 utquam
618 4168 691 4218 Deus
706 4170 811 4232 eligeret
825 4185 871 4232 per
885 4173 951 4219 cerei
976 4171 1060 4220 adhuc
1069 4171 1198 4234 inAnglia
1208 4171 1338 4222 nobilitate
1347 4174 1450 4227 delica-

487 4237 949 4300 accensicnem‚abomnibussancrex
976 4241 1027 4290 tius
1037 4237 1217 4303 regnaturum!

487 4305 679 4370 acclamaretur,
706 4309 804 4357 electus
830 4313 870 4358 est
897 4309 950 4358 dux
