3144 5180
410 549 551 601 nunnus
573 549 845 606 aisronmnuu.
1035 538 1102 604 848

166 777 253 852 Quod
267 779 320 844 eir
334 779 397 843 Dei
413 779 451 844 de
457 779 708 944 peroqrtaapioa
723 801 859 849 cenaeus
873 781 919 846 ad
931 780 1083 848 lomina

535 900 627 948 anano
640 881 716 946 anit.

197 1000 355 1084 Cumque
377 1003 470 1085 patri
491 1022 556 1068 suo
578 1011 723 1074 matrem
739 1005 949 1074 restituisset
963 1004 1096 1076 incolu·
1109 1025 1232 1115 mpii.

151 1120 249 1177 mem,
277 1102 393 1168 omnia
424 1102 683 1186 vendiditque
711 1103 872 1182 babebat,
903 1111 951 1180 et,
977 1124 1096 1173 eorum
1109 1124 1220 1166 aeonae·

150 1199 383 1266 benedictione
395 1208 570 1285 percepta,
586 1201 762 1284 profectus
780 1209 833 1268 est
850 1205 893 1268 ab
911 1204 972 1281 eis,
987 1203 1096 1273 vitam

148 1298 381 1364 heremiticam
407 1320 479 1383 prae
507 1302 666 1372 omnibns
686 1301 947 1385 concupiscens.
987 1302 1097 1371 Venit

150 1398 286 1461 tandem
302 1399 339 1461 in
354 1400 520 1462 extremis
539 1398 677 1481 Angliae
696 1399 821 1464 finibus
843 1400 887 1463 ad
905 1401 1094 1480 civitatem,

148 1515 224 1578 quae
254 1497 458 1561 Karleolum
493 1507 725 1580 nuncupatur,
757 1500 816 1563 ubi
839 1499 1007 1582 quosdam
1032 1501 1095 1564 ho-

148 1595 257 1660 mines
280 1596 346 1659 sibi
367 1585 670 1677 consanguinitate
691 1599 894 1682 conjunctos
916 1599 1095 1662 inveniens

147 1695 190 1756 ab
213 1713 283 1758 uno
299 1713 418 1758 eorum
440 1696 643 1778 psalterium
663 1699 775 1764 sancti
794 1697 1001 1780 Hieronymi
1018 1699 1094 1780 ipso

147 1793 298 1858 donante
320 1796 483 1878 suscepit,
512 1796 606 1878 quod
638 1796 674 1860 in
699 1797 796 1866 brevi
819 1796 939 1866 didicit
964 1803 999 1866 et
1023 1817 1094 1862 me-

147 1893 288 1961 moriter
324 1894 495 1962 recitavit.
562 1895 662 1961 Tunc
700 1896 819 1971 silvae,
854 1896 1095 1976 ignorantibus

147 1990 278 2065 amicis,
312 1999 433 2074 petens
460 1994 677 2064 silvestribus
706 1994 821 2064 herbis
843 1994 891 2061 ibi
915 2000 951 2059 et
973 1994 1095 2064 tructi-

146 2091 209 2158 bns
247 2091 449 2173 aliquandiu
481 2093 668 2171 victitavit,
701 2094 745 2160 ad
779 2111 880 2174 quem
917 2100 1094 2174 serpentes

146 2196 182 2252 et
206 2189 290 2256 ferae
317 2190 518 2260 aecedentes
546 2193 659 2274 ipsum
686 2192 744 2260 diu
768 2192 1003 2267 intuebantur,
1033 2192 1094 2260 sed

146 2308 228 2354 mox
259 2309 337 2358 eum
367 2291 463 2360 omni
489 2290 751 2360 mansuetudine
778 2290 1002 2370 recedebant;
1033 2291 1093 2362 ille

147 2389 242 2455 solus
264 2390 300 2452 in
322 2389 460 2457 herema
476 2389 597 2456 diebus
613 2390 731 2458 multis
748 2397 985 2466 conversatus,
1002 2409 1093 2460 nnuc

146 2488 460 2568 genuflexionibus,
469 2508 560 2556 nunc
569 2490 728 2556 manibus
744 2489 780 2552 in
798 2489 920 2557 eaelum
936 2488 1093 2566 elevatis,

147 2606 237 2650 nuuc
257 2587 354 2652 humi
375 2594 583 2669 prostratus,
608 2586 796 2656 Dominum
814 2587 952 2652 assidue
973 2606 1095 2670 preca*

147 2685 260 2749 batur.
323 2685 479 2753 Tandem
501 2687 695 2754 solitarium
718 2687 890 2770 quendam
916 2687 1095 2756 inveniens

146 2790 180 2852 et
196 2784 399 2866 speluncam
415 2786 508 2851 senis
524 2776 732 2867 ingrediens,
751 2787 794 2852 ab
816 2787 893 2867 ipso
915 2785 1095 2856 confestim

23 2871 24 2950 J
146 2883 414 2960 audivit,‘Bene
427 2883 860 2962 venias,fraterGodrice;’
884 2883 945 2948 ‘Et
960 2885 1095 2956 tuaene

23 2979 24 3028 t
146 2983 278 3059 valeas,
300 2989 400 3064 pater
413 2982 568 3059 latrice:
585 3002 664 3052 enm
685 2990 792 3050 antea
817 3000 958 3064 prorsus
977 2989 1096 3054 essent

146 3081 266 3162 ignoti.
320 3081 421 3158 ‘Tu,’
438 3082 551 3164 inquit
566 3100 685 3158 senex,
703 3081 768 3147 ‘ad
791 3081 857 3145 boo
878 3081 1004 3149 misam
1019 3100 1056 3144 es
1073 3100 1096 3147 a

147 3180 237 3258 Deo,
254 3188 295 3247 ut
309 3199 434 3263 corpus
451 3181 558 3247 senile
573 3181 761 3264 sepulturae
775 3175 918 3251 tradas?
969 3179 1095 3260 Itaque

145 3280 211 3348 soli
226 3299 289 3362 per
304 3280 478 3347 biennium
496 3287 786 3356 commanserunt,
808 3279 938 3348 nullam
952 3279 1093 3350 omnine

143 3379 375 3447 substantiam
393 3378 621 3460 possidentes.
673 3379 763 3446 Sene
779 3378 917 3448 tandem
939 3378 1096 3459 graviter

141 3477 329 3554 infirmato,
354 3476 525 3543 Godricus
554 3477 699 3548 debilem
735 3477 894 3545 sublevat
920 3483 956 3543 et
980 3483 1095 3543 trans-

23 3627 24 3632 κ
144 3583 276 3657 portat,
298 3577 393 3646 cibos
415 3579 468 3642 ori
490 3577 566 3660 ejus
588 3579 754 3659 applicat,
775 3576 1013 3658 presbyterum
1034 3575 1096 3641 ad·

144 3676 253 3752 ducit,
265 3676 325 3758 qui
340 3677 384 3753 el,
401 3675 497 3740 facta
509 3676 734 3751 consessione,
751 3674 996 3742 eucharistiam
1014 3675 1096 3744 sub·

144 3775 332 3842 ministrat.
375 3774 508 3841 Videns
533 3794 617 3856 ergo
642 3773 813 3841 Godricus
840 3772 933 3855 qnod
956 3774 1096 3842 morbus

142 3874 387 3951 invalesceret,
403 3873 505 3950 dixit,
520 3881 528 3910 ‘
543 3873 574 3938 Ο
592 3874 747 3955 spiritus,
765 3872 825 3954 qui
840 3872 884 3938 ad
908 3873 1095 3953 imaginem

145 3973 213 4042 Dei
228 3979 367 4039 creatus
384 3991 434 4049 es,
457 3972 579 4055 adJuro
602 3979 637 4036 te
660 3990 722 4054 per
743 3971 858 4038 Deum
880 3970 1097 4051 omnipoten-

144 4079 227 4149 tem,
259 4079 299 4136 ut
328 4090 384 4136 me
415 4072 588 4137 nesciente
614 4091 660 4136 ex
692 4070 758 4134 boo
789 4067 993 4150 corpusculo
1025 4087 1095 4135 non

144 4170 311 4238 recedas,'
362 4170 452 4234 Sene
472 4176 590 4234 antem
607 4170 681 4234 sine
703 4187 801 4232 mora
824 4167 972 4234 aruinam
988 4165 1097 4236 exha

144 4267 250 4346 lente,
273 4269 361 4334 vidit
384 4269 478 4334 velut
504 4270 540 4332 in
564 4265 823 4337 similitudinem
846 4265 941 4331 venti
965 4265 1096 4332 urentis
