3190 5202
494 493 540 558 66
753 505 887 556 sooner
911 507 959 556 ns
982 505 1191 556 wnunovsn

336 681 392 724 ab·
404 681 461 722 lm
497 662 634 731 emendi
656 663 852 730 necessaria
871 663 1047 728 licentiam
1068 661 1261 746 postulans,
1284 667 1319 726 et
1339 659 1453 745 impe-

499 771 593 830 trare
614 782 684 828 non
701 763 835 841 valens,
855 769 936 828 ante
959 763 1077 826 urbem
1094 759 1349 842 Bellegraviam
1369 781 1451 826 cas-

499 869 706 929 trametatus
734 869 816 942 est;
851 861 899 926 ibi
927 862 1118 927 exercitum
1148 879 1261 939 suum,
1293 860 1451 924 ciborum

497 961 617 1046 inopia
642 961 871 1038 laborantem,
898 959 1057 1026 cohibere
1084 978 1154 1024 non
1181 959 1315 1040 valens,
1341 978 1450 1040 grave

498 1062 601 1126 nimis
629 1060 749 1144 populi
772 1060 827 1124 sui
849 1059 976 1124 ibidem
1003 1059 1169 1124 sustinuit
1194 1057 1450 1122 detrimentum.

500 1159 594 1226 Nam
616 1178 694 1224 enm
716 1158 802 1223 nibil
823 1177 846 1222 a
859 1165 963 1240 gente
984 1157 1135 1222 nefanda
1150 1156 1273 1222 venale
1294 1157 1450 1221 obtinere
1566 1187 1567 1190 ¹

499 1259 707 1342 potuissent,
736 1258 773 1322 in
803 1276 928 1340 greges
958 1256 1190 1338 Bulgarorum
1224 1263 1260 1320 et
1291 1263 1450 1320 armenta

498 1357 670 1422 irruentes
692 1363 872 1440 coeperunt
889 1356 1001 1420 exeis
1020 1355 1058 1419 in
1079 1361 1195 1420 eastra
1214 1373 1279 1418 sua
1295 1354 1449 1434 deierre;

500 1455 594 1538 quod
612 1454 758 1537 Bnlgari
782 1454 975 1532 audientes,
994 1453 1140 1537 arreptis
1161 1453 1278 1530 muris,
1294 1453 1449 1536 praedam

500 1559 665 1618 excutere
689 1553 928 1630 decreverunt,
952 1559 989 1617 et
1014 1553 1143 1616 bellum
1173 1553 1371 1634 raptoribus
1395 1553 1450 1616 in-

501 1652 650 1716 serentes
666 1658 702 1716 et
715 1652 866 1717 victores
881 1652 1070 1716 existentes
1087 1657 1224 1716 eentum
1248 1657 1283 1715 et
1299 1651 1452 1734 quadra-

500 1751 601 1832 ginta
615 1769 660 1815 ex
674 1750 736 1828 eis,
753 1768 776 1813 a
789 1749 1057 1833 praecedentium
1073 1749 1239 1816 comitatu
1255 1757 1451 1832 separatos,
1568 1753 1569 1788 ³

500 1849 537 1912 in
559 1848 711 1913 oratorio
726 1849 889 1931 quodam,
903 1868 973 1931 quo
997 1867 1035 1914 se
1058 1849 1174 1930 gratia
1197 1847 1451 1932 consequendae

499 1947 597 2030 pacis
626 1946 828 2024 intulerant,
859 1948 941 2030 igne
978 1947 1139 2030 apposito
1175 1947 1450 2024 combusserunt,

499 2046 635 2112 eaeteris
649 2047 685 2110 in
699 2046 816 2128 fugam
832 2047 974 2111 coactis.
996 2044 1140 2111 atvero
1152 2044 1353 2110 Gnalterius
1370 2065 1450 2111 cum

497 2145 641 2229 reliquis
663 2146 858 2227 agminibus
880 2146 953 2210 suis
974 2143 1183 2221 straliciam,
1200 2144 1319 2208 Daciae
1340 2145 1452 2208 medi·

498 2250 667 2310 terraneos
680 2243 911 2326 metropolim,
920 2243 1136 2326 perveniens,
1146 2242 1286 2325 praesidi
1296 2244 1451 2308 civitatis

499 2341 542 2405 de
565 2342 694 2425 injuria
721 2341 813 2423 plebi
835 2341 903 2405 Dei
923 2361 945 2405 a
967 2341 1132 2423 Bulgaris
1153 2341 1252 2406 illata
1279 2360 1451 2424 conques-

409 2433 412 2440 ’
497 2446 567 2514 tus,
583 2440 721 2522 plenam
748 2445 801 2502 est
821 2438 994 2521 justitiam
1019 2446 1247 2519 consecutus3
1279 2440 1360 2504 inde
1382 2442 1449 2522 igi-

497 2544 556 2600 tur
572 2537 616 2600 ad
631 2538 751 2600 urbem
766 2538 898 2618 regiam
913 2539 1100 2622 proiectus,
1114 2545 1150 2602 et
1165 2537 1209 2602 ad
1227 2540 1449 2620 presentiam

498 2633 617 2700 Alexii
637 2635 856 2718 imperatoris
875 2637 1049 2714 inductus,
1064 2637 1267 2719 postulavit,
1283 2644 1449 2720 utusque

498 2735 543 2799 ad
566 2735 752 2800 adventum
770 2733 868 2800 Petri
883 2735 1086 2812 Heremitae,
1103 2736 1147 2799 de
1167 2735 1267 2818 cujus
1283 2737 1449 2802 mandato

498 2834 565 2897 iter
582 2834 787 2915 arripuerat,
804 2835 995 2898 exercitum
1018 2853 1119 2899 sunm
1141 2834 1177 2898 in
1198 2833 1284 2898 locis
1304 2836 1381 2899 urbi
1396 2837 1449 2900 vi-

498 2930 598 3006 cinis,
624 2931 760 2996 indulta
786 2933 852 2996 sibi
875 2933 1010 2997 emendi
1030 2932 1271 3015 vendendique
1294 2932 1448 3012 lieentia,

496 3028 753 3110 permitteretur
767 3030 916 3112 habere;
938 3031 1031 3115 quod
1045 3032 1077 3096 ei
1095 3033 1283 3114 imperator
1300 3033 1449 3116 benigne

497 3127 680 3192 concessit.

668 3297 718 3361 Do
725 3299 975 3384 perpetuatione
991 3300 1084 3365 Petri
1097 3301 1271 3366 Hormoita.

542 3416 630 3483 Post
641 3419 873 3499 Gnalterium,
883 3421 1011 3488 Petrus
1023 3421 1205 3488 Heremita
1213 3425 1345 3508 primus
1354 3426 1446 3492 viam

496 3519 784 3599 peregrinationis
811 3522 1011 3604 expediens,
1036 3528 1235 3587 transcursa
1260 3523 1447 3590 Letharin-

495 3615 567 3697 gia,
582 3617 790 3696 Franconia,
804 3621 959 3685 Bavaria
980 3627 1015 3684 et
1032 3618 1188 3697 Austris,
1203 3641 1281 3685 eum
1296 3624 1446 3706 quadra-

495 3715 595 3794 ginta
615 3717 766 3782 millibus
790 3719 997 3783 bellatorum
1013 3719 1099 3783 fines
1121 3720 1240 3801 attigit
1256 3721 1447 3804 Hungaro-

494 3831 594 3891 rum3
623 3817 683 3896 qui
702 3815 842 3880 tandem
857 3817 900 3881 ad
919 3817 1052 3881 Melam
1067 3816 1186 3882 villam
1204 3822 1446 3901 pervenientes

494 3911 678 3977 audierunt
718 3913 947 3992 Christianos,
983 3916 1043 3999 qui
1073 3915 1292 3981 Gnalterium
1333 3922 1444 3984 secuti

494 4020 754 4090 praecesserant,
778 4021 930 4096 stragem
957 4015 1005 4078 ibi
1033 4035 1103 4079 non
1130 4015 1298 4079 modicam
1328 4027 1446 4099 pertu-

492 4106 588 4185 lisse,
610 4116 646 4173 et
660 4112 818 4177 videntes
839 4112 952 4196 spolia
970 4120 1006 4177 et
1028 4133 1126 4177 arma
1147 4134 1265 4179 eorum
1286 4115 1322 4179 iu
1345 4137 1445 4182 muro

493 4205 647 4271 civitatis
664 4210 766 4290 quasi
789 4231 852 4291 pro
872 4210 1027 4293 trophaeo
1043 4212 1241 4295 pendentia,
1252 4213 1351 4297 justa
1366 4235 1445 4280 suc-
