3144 5180
307 729 362 767 Al).
373 731 429 770 1169.

305 779 387 818 Lattara

306 829 330 865 ol
337 827 416 868 hecket

304 879 346 916 auo
355 879 435 919 others.

467 541 534 608 332
723 555 859 606 uocatu
883 557 930 604 nn
953 555 1160 606 wunnovnu

468 735 581 798 neque
597 716 773 778 dominum
798 733 925 796 papam
949 733 1062 794 neque
1082 734 1147 777 nos
1170 715 1205 776 in
1229 716 1340 780 verho¹
1360 737 1422 780 sa-

467 815 551 879 lutis
573 824 699 879 vestrae
717 811 876 878 voluistis
899 813 1029 892 audire,
1053 813 1113 876 sed
1137 813 1319 881 obduratio
1341 835 1424 879 ves-

468 923 523 978 tra
555 933 690 995 semper
716 914 753 976 in
782 913 953 977 deteriora
977 913 1145 990 excrevit,
1172 923 1423 995 resurgente

467 1013 674 1077 necessitate
690 1011 793 1076 officii
809 1018 845 1075 ct
862 1011 997 1074 ratione
1014 1011 1106 1093 juris
1122 1013 1158 1076 id
1174 1013 1422 1094 persuadente,

467 1131 512 1174 ex
533 1113 642 1195 justis
662 1117 698 1174 et
723 1110 917 1174 manifestis
930 1110 1053 1172 causis
1079 1111 1310 1175 anathematis
1334 1132 1420 1175 sen·

467 1212 579 1274 tentia
594 1211 832 1293 percellentes,
850 1207 1286 1287 excommunicavimus,'et
1300 1231 1322 1274 a
1339 1232 1421 1275 cor·

466 1329 549 1390 pore
571 1309 713 1387 Christi,
737 1308 831 1390 quod
855 1317 907 1370 est
934 1307 1090 1381 ecclesia,
1115 1308 1223 1378 donec
1245 1311 1420 1391 condigne

465 1409 702 1485 satisfaciatis
726 1406 1007 1490 amputavimus3
1030 1406 1355 1489 praecipimusergo
1378 1411 1417 1472 in

465 1508 595 1571 virtute
617 1507 821 1570 obedientiae
844 1516 879 1570 et
899 1505 936 1568 in
959 1504 1112 1587 periculo
1141 1506 1276 1584 salutis,
1299 1508 1418 1588 digni-

465 1606 549 1669 tatis
572 1613 607 1670 et
627 1605 770 1683 ordinis,
791 1612 976 1688 quatenus,
999 1611 1104 1686 prout
1125 1605 1287 1669 ecclesiae.
1303 1606 1418 1671 forma

464 1704 669 1786 praescrihit,
683 1705 728 1770 ab
744 1705 897 1767 omnium
915 1703 1155 1768 communione
1167 1705 1318 1768 fidelium
1337 1707 1416 1770 abs-

428 1828 431 1834 ·
465 1802 618 1881 tinentia,
642 1823 685 1867 ne
703 1811 821 1868 vestra
845 1803 1065 1886 participatio
1089 1803 1309 1867 Dominicum
1334 1825 1416 1886 gre·

295 3205 340 3244 The
348 3205 401 3253 king

294 3258 316 3292 tc
325 3255 361 3292 the
370 3255 444 3305 hichop

293 3305 418 3345 othondcn.

466 1922 543 1992 gem
566 1903 777 1966 contaminet
796 1902 841 1965 ad
866 1902 1013 1978 ruinam,
1036 1902 1095 1983 qui
1115 1903 1233 1966 vestra
1256 1903 1418 1969 doctrina

464 2003 671 2066 erudiendus
694 2009 729 2065 et
751 2000 921 2082 exemplis
943 2000 1185 2064 reformandus
1204 2010 1280 2066 erat
1302 2004 1345 2066 ad
1362 2005 1416 2066 vi-

464 2102 559 2167 tam!
617 2101 809 2184 Episcopus
833 2119 914 2164 vero
939 2099 1202 2177 Londoniensis,
1229 2102 1309 2173 licet
1331 2111 1417 2184 post

464 2198 744 2284 appellationem
764 2199 936 2262 sententia
963 2200 1001 2262 in
1031 2199 1144 2280 ipsum
1174 2200 1248 2264 lata
1277 2200 1415 2278 fuisset,

462 2301 664 2364 mandatum
690 2298 938 2380 archiepiscopi
964 2297 1140 2362 humiliter
1163 2299 1338 2380 perferens
1368 2303 1417 2364 ab

462 2399 620 2480 ingressu
632 2398 785 2462 ecclcsioe
795 2396 964 2460 abstinuit
976 2397 1165 2479 patientem
1183 2398 1415 2480 archiepisco-

460 2517 527 2579 pus
550 2518 631 2562 vero
653 2498 783 2561 decano
805 2504 842 2560 et
863 2497 955 2560 clero
978 2496 1229 2560 Londoniensis
1255 2498 1413 2562 ecclesiae

461 2595 580 2659 literas
608 2597 760 2677 dirigens
786 2596 953 2677 praecepit
977 2597 1014 2658 in
1041 2596 1169 2659 virtute
1195 2596 1415 2675 obedientiae,

460 2701 544 2758 uta
570 2695 809 2757 communione
834 2695 888 2756 sui
917 2694 1071 2775 episcopi
1098 2695 1237 2775 penitus
1260 2695 1414 2760 abstine·

461 2799 549 2859 rent.
601 2793 732 2858 Eodem
755 2811 847 2856 anno
869 2790 1025 2869 Alienor,
1048 2793 1120 2856 filia
1146 2795 1238 2875 regis
1256 2793 1412 2877 Angliac,

461 2892 579 2974 nupsit
595 2890 799 2968 Aldefonso,
817 2893 891 2972 regi
909 2890 1085 2957 Castellae.

456 3064 572 3130 Litora
590 3065 671 3150 repis
686 3064 732 3130 od
751 3063 948 3143 othbertum,
964 3066 1136 3152 episcopm
1152 3067 1406 3168 Loadooicasem.

480 3209 482 3214 ·
509 3188 579 3252 Per
599 3189 689 3252 idem
713 3189 861 3273 tempus,
877 3209 955 3252 cum
975 3209 1092 3253 rumor
1112 3190 1154 3252 de
1176 3193 1412 3254 excommuni-

457 3289 594 3352 catione
607 3287 788 3364 Gileherti,
799 3287 1051 3352 Londoniensis
1068 3289 1232 3371 episcopi,
1248 3289 1292 3352 ad
1306 3310 1411 3354 aures

456 3388 549 3468 regis
572 3385 778 3468 Anglorum,
801 3387 919 3450 eodem
936 3391 1099 3470 episcopo
1122 3381 1187 3451 lilli
1210 3389 1410 3469 significan-

456 3495 502 3562 te,
519 3487 744 3569 pervenisset‚
762 3486 900 3568 scripsit
916 3487 948 3549 ei
967 3487 1087 3550 literas
1104 3488 1354 3552 consolatorias
1371 3489 1411 3552 in

456 3585 530 3649 haec
543 3585 668 3666 verba;
685 3579 714 3620 ²‘
724 3584 853 3648 Audivi
868 3603 1070 3665 gravamen,
1081 3579 1243 3667 quod'ille
1254 3585 1411 3651 Thomas

455 3685 612 3766 proditor
635 3692 671 3749 et
699 3683 919 3748 adversarius
937 3703 1036 3747 meus
1058 3685 1175 3755 intulit
1196 3685 1232 3747 in
1256 3692 1291 3748 te
1311 3692 1348 3748 et
1369 3687 1410 3750 in

457 3783 543 3847 alias
565 3802 731 3866 personas
752 3782 851 3864 regni
872 3783 950 3858 mei,
967 3783 1059 3865 quod
1083 3803 1153 3847 non
1175 3785 1288 3847 minus
1311 3803 1409 3865 aegre

488 4005 551 4058 ¹1at
572 4009 768 4073 significata]
801 4008 844 4056 He
865 4006 916 4055 had
940 4005 970 4056 ol'
990 4007 1103 4063 Becket;
1127 4007 1170 4056 lib.
1189 4007 1227 4056 iii.
1247 4021 1288 4067 ep.
1308 4006 1370 4056 xlvi.

453 4079 553 4133 written
570 4083 595 4128 to
617 4079 660 4127 the
682 4079 745 4140 king
763 4082 790 4126 to
807 4091 853 4126 use
875 4076 916 4125 his
975 4072 1411 4138 ⁹Audioigroccmen.]1uterepp.

454 4150 576 4197 inlluence
593 4148 656 4196 with
678 4147 720 4195 the
744 4162 810 4208 pope
829 4148 856 4194 in
875 4145 915 4194 his
940 4145 986 4194 lib.
1004 4145 1042 4196 iii.
1064 4160 1106 4205 ep.
1130 4146 1213 4208 xlvii,
1232 4145 1317 4193 where
1340 4146 1360 4193 it
1384 4148 1410 4196 is

453 4215 915 4278 behall,thathemighthehcardin
940 4215 1017 4262 dated
1039 4215 1131 4275 ‘apud
1154 4215 1181 4267 S.
1208 4215 1350 4264 Macarium
1379 4217 1409 4265 in

453 4287 493 4334 his
509 4287 601 4347 appcal
618 4288 720 4348 against
736 4286 778 4336 the
798 4291 914 4336 sentence
940 4279 1103 4336 Graecula:
