3178 5194
400 538 538 588 ruonnr
561 537 831 586 ursronmnuu.
1028 519 1093 586 acl

140 692 344 769 foenerator,
368 691 542 770 falsarius,
574 692 750 782 deceptor,
775 691 949 776 perjurus,
976 691 1094 756 adula-
1107 709 1230 800 fflss·,}¹⁷⁰·

141 798 208 868 tor,
228 791 438 870 discurrens,
462 792 623 873 petulans
641 798 676 856 et
698 793 855 874 gulosus,
871 791 974 856 modo
988 791 1094 874 pulex
1107 810 1218 851 suune

140 898 313 968 mortuus,
333 891 429 955 canis
449 890 604 968 loetidus,
620 892 699 956 vilis
714 891 933 967 vermiculus,
949 910 1018 955 non
1034 891 1095 955 he·

142 989 267 1054 remita
295 991 357 1055 sed
383 990 575 1074 hypocrita,
599 1010 669 1055 non
692 990 868 1055 solitarius
892 991 951 1054 sed
979 998 1095 1054 mente

143 1089 302 1166 didimus,
335 1089 519 1154 devorator
546 1090 853 1172 eleemosynarum,
883 1089 1096 1168 fastidiosus,

144 1188 348 1252 deliciarum
372 1188 517 1272 cupidus
540 1196 576 1252 et
598 1189 789 1270 negligens
807 1188 938 1253 otiosus
954 1196 989 1253 et
1007 1197 1094 1253 ster·

145 1296 236 1365 tens,
267 1287 433 1370 prodigus
460 1295 495 1351 et
520 1288 735 1365 ambitiosu5‚
764 1294 799 1352 et
825 1288 884 1369 qui
910 1307 979 1351 non
1004 1298 1096 1353 esset

145 1386 274 1468 dignus
306 1386 366 1448 alii
398 1386 539 1464 servire,
572 1385 726 1469 quotidie
761 1387 827 1450 sibi
858 1387 1094 1452 ministrantes

145 1487 307 1549 verberet
322 1493 358 1549 et
373 1485 547 1569 objurget.
600 1485 689 1551 Herc
705 1493 822 1551 autem
844 1493 880 1550 et
899 1486 953 1549 his
976 1485 1097 1569 pejora

145 1585 296 1648 scribere
311 1585 441 1665 poteris
458 1585 501 1648 de
521 1585 698 1651 Godrico.'
750 1585 797 1650 Et
810 1585 863 1648 his
884 1585 986 1648 dictis
1002 1585 1098 1650 velut

145 1683 349 1766 indignatus
370 1683 528 1760 obticuit,
555 1689 591 1748 et
613 1683 802 1750 monachus
831 1703 909 1748 cum
930 1685 1098 1749 nonnulle

145 1782 349 1846 confusione
363 1783 534 1848 discessit.
587 1782 787 1868 Interjectis
802 1791 918 1848 eutem
936 1784 1098 1867 deinceps

145 1881 281 1964 aliquot
297 1881 409 1960 aunis,
427 1883 513 1946 nihil
524 1883 567 1948 de
580 1884 690 1966 ipsius
701 1883 776 1948 vite
787 1881 977 1947 monachus
991 1903 1098 1948 ausus

145 1981 212 2046 fuit
228 1981 415 2063 inquirere,
430 1980 539 2047 donec
558 1983 632 2065 ipse
649 1982 751 2064 quasi
772 1983 934 2046 misertus
958 1983 1047 2066 ejus,
1063 1990 1099 2047 et

145 2081 244 2145 velut
263 2080 306 2143 de
329 2081 497 2162 praedicte
518 2082 692 2165 poenitens
714 2081 855 2165 injurie,
876 2082 969 2168 ultro
993 2083 1100 2164 coepit

145 2180 262 2244 dicere
277 2180 371 2262 quod
388 2181 545 2260 volebat3
572 2181 748 2266 adjuravit
763 2185 880 2245 tamen
895 2181 1098 2246 monachum

146 2298 210 2359 per
235 2277 455 2342 dilectionem
480 2299 550 2362 qua
575 2281 607 2344 ei
637 2280 843 2363 conjunctus
873 2287 960 2359 eret,
983 2289 1033 2358 ut,
1059 2301 1100 2346 eo

146 2379 301 2455 vivente,
316 2378 444 2442 nemini
459 2379 611 2444 libellum
628 2377 837 2444 ostenderet.

201 2555 347 2629 Qualiter
359 2565 483 2622 caoctus
496 2557 649 2621 (ledricus
664 2557 701 2621 de
715 2557 799 2622 celtu
814 2556 926 2622 oeimae
943 2565 971 2620 et
984 2565 1068 2622 statu

414 2656 621 2741 iuterroqatoa
636 2657 835 2742 responderit.

199 2776 325 2843 Altera
340 2779 430 2855 vice,
451 2781 641 2845 cumidem
660 2780 848 2845 monachus
869 2788 1011 2862 propter
1033 2779 1100 2842 fes·

148 2885 224 2942 tum
249 2877 361 2943 sancti
386 2877 411 2942 J
413 2879 558 2944 ohannis
585 2880 757 2962 Baptistae
783 2879 865 2942 illuc
890 2879 1035 2955 veniret,
1062 2885 1101 2941 ut

147 2978 227 3041 viro
247 2976 315 3040 Dei
336 2977 480 3042 missam
506 2980 709 3058 celebraret,
728 2977 852 3042 sedens
873 2985 974 3042 extra
996 2978 1101 3042 limen

148 3075 294 3139 oratorii
327 3076 424 3142 illum
454 3078 550 3142 intus
580 3084 762 3142 canentem
791 3075 947 3155 audivit3
979 3075 1101 3140 deinde

144 3181 232 3258 post
263 3193 426 3258 vesperas
457 3178 686 3258 interrogavit
718 3195 796 3240 eum
834 3175 954 3252 frater,
988 3171 1101 3257 qualis

148 3282 246 3338 esset
272 3275 388 3339 exitus
405 3275 598 3340 animarum
621 3295 667 3340 ex
690 3273 917 3351 boemundo,
943 3275 988 3337 ad
1010 3273 1101 3357 quod

150 3374 223 3438 talc
238 3374 348 3437 sertur
363 3377 539 3457 accepisse
553 3394 773 3458 responsum
793 3367 962 3451 ‘Sancta,’
978 3373 1103 3455 inquit,

150 3473 287 3536 ‘anime
298 3473 423 3537 leniter
438 3477 513 3538 exit
534 3494 556 3538 a
573 3494 717 3556 corpore
732 3493 740 3552 ;
764 3473 824 3537 sed
840 3473 1017 3556 peccatrix
1031 3471 1103 3535 ani-

149 3592 221 3648 ma,
233 3572 330 3636 velut
343 3573 540 3651 immatura,
550 3574 668 3638 multis
684 3573 802 3656 flagris
817 3572 864 3636 ad
877 3573 1009 3636 exitum
1025 3589 1104 3654 per·

150 3677 309 3753 urgetur.
372 3669 524 3754 Egressa
544 3693 628 3739 vero
650 3674 694 3739 ad
718 3671 808 3737 aeris
829 3671 1008 3752 festigium
1031 3671 1105 3734 sine

152 3789 252 3834 mora
267 3773 480 3849 conscendit,
498 3781 534 3836 et
555 3773 602 3838 ibi
625 3791 757 3837 moram
779 3769 986 3853 quaudoque
1008 3769 1104 3846 facit,

153 3876 364 3950 exspectans
386 3870 469 3952 quid
496 3871 594 3934 Deus
617 3871 660 3934 de
681 3869 743 3933 illa
764 3869 878 3932 facere
893 3869 989 3933 velit.
1042 3867 1106 3931 Est

152 3973 271 4034 eutem
284 3967 334 4031 ibi
350 3969 452 4050 quasi
466 3969 624 4051 quaedam
640 3975 743 4052 porta
755 3967 868 4032 ferrea
888 3975 924 4030 et
945 3973 1107 4047 angusta,
1213 4045 1216 4054 Ι

152 4066 328 4130 hincinde
342 4067 526 4148 spirituum
548 4069 716 4132 bonorum
740 4066 966 4131 etmalorum
991 4071 1105 4128 custo·

152 4167 220 4230 diis
235 4165 491 4243 circumcincta,
507 4187 569 4249 per
587 4186 692 4249 quam
712 4167 838 4231 animae
849 4165 1024 4250 justorum
1037 4161 1107 4228 levi

153 4265 307 4330 transitu
330 4264 574 4344 admittuntur,
598 4267 739 4350 injustae
760 4285 844 4332 vero
868 4264 1022 4346 graviter
1046 4281 1109 4326 an·
