3190 5202
467 493 512 570 32
724 511 858 567 nonum
882 517 929 565 nn
951 517 1158 566 wnunovnn

306 699 362 739 sn.
372 700 429 740 nn.
467 680 558 744 idem
572 677 661 755 Odo,
674 677 748 742 haec
765 678 927 759 Rogems
941 676 983 740 de
994 673 1331 749 Monte-Gomsrico,
1345 672 1420 736 haec

467 770 854 854 dixerunt¹Gaufridus,
864 774 1179 840 constantiniensis
1191 772 1331 856 praesul,
1341 789 1419 836 cum

468 878 594 942 comite
612 875 962 940 Northumhrensium
980 873 1149 951 Roberto,
1165 878 1201 936 et
1216 871 1274 934 alii
1289 871 1418 953 plures,

468 977 528 1057 qui
538 969 675 1039 ²omnes
690 975 800 1056 primo
816 975 917 1050 clam,
927 980 962 1036 et
978 978 1059 1054 post
1075 972 1202 1054 palam,
1217 970 1330 1033 missis
1345 968 1417 1050 epi·

468 1075 567 1138 stolis
597 1073 876 1154 frequentabant.
927 1070 1124 1134 Willelmus
1149 1071 1253 1134 etiam
1285 1066 1417 1132 Dunel-

467 1173 595 1236 mensis
619 1171 814 1252 episcopus,
839 1189 941 1250 quem
963 1188 1026 1232 rex
1041 1168 1238 1233 Willelmus
1257 1165 1417 1250 justicia·

466 1271 556 1333 rium
585 1270 725 1345 fecerat,
754 1269 792 1330 in
827 1287 945 1331 eorum
977 1266 1156 1349 perfidiam
1191 1264 1418 1347 conspiraret.

469 1369 596 1450 Itaque
618 1365 695 1429 Odo
719 1366 870 1449 praedam
898 1366 1074 1447 ingentem
1097 1364 1141 1428 ad
1164 1362 1319 1430 Rofense
1340 1379 1418 1424 cas·

468 1473 561 1529 trum
578 1466 829 1546 comportabat,
844 1465 958 1545 regios
980 1464 1017 1526 in
1034 1462 1162 1527 cantia
1179 1462 1281 1526 fiscos
1295 1460 1418 1524 devas-

467 1571 548 1628 tans
571 1569 607 1626 et
631 1563 782 1626 maxime
808 1571 919 1626 terras
946 1560 1194 1644 archicpiscopi
1218 1559 1417 1635 Lanlranci,

467 1681 510 1725 eo
534 1661 666 1744 quoda
688 1661 799 1743 primo
821 1681 901 1742 rege
922 1660 1099 1724 Willelmo
1121 1657 1359 1740 consilioejus
1379 1675 1417 1720 se

468 1761 663 1843 conjectum
679 1760 719 1823 in
735 1759 883 1823 vinculis
905 1760 1105 1837 asserebat;
1130 1776 1211 1821 nam
1232 1776 1311 1820 curn
1333 1755 1415 1819 olim

467 1858 664 1922 Willelmus
690 1877 752 1920 rex
776 1858 890 1921 senior
913 1875 1029 1920 coram
1049 1855 1246 1919 Lanfranco
1268 1873 1417 1936 conque·

468 1964 602 2019 seretur
614 1975 652 2019 se
668 1957 712 2018 ab
727 1954 848 2018 Odone
865 1955 973 2018 fratre
987 1975 1051 2019 suo
1065 1962 1100 2018 et
1115 1955 1278 2036 episcopo
1293 1952 1415 2029 deseri,

467 2053 570 2131 ‘Tu,’
597 2054 710 2136 inquit
737 2053 965 2129 lanfrancus,
990 2053 1231 2136 ‘apprehende
1255 2050 1352 2114 illum
1380 2059 1415 2115 et

465 2151 588 2232 vinci3’
614 2160 649 2216 et
673 2171 754 2233 rege
778 2151 1020 2234 respondente,
1042 2151 1135 2233 quod
1156 2151 1299 2215 clericus
1324 2155 1416 2212 esset

466 2259 502 2314 et
516 2253 710 2333 episcopus,
725 2250 903 2331 respondit
917 2250 1206 2332 archiepiscopus,
1224 2247 1326 2311 ‘Non
1343 2249 1416 2329 epi-

466 2345 631 2431 scopum,'
648 2349 710 2424 ait,
727 2348 974 2410 ‘Baiocensem
989 2349 1117 2430 capies,
1133 2346 1192 2410 sed
1206 2346 1340 2411 Cantiae
1358 2365 1416 2409 co·

467 2448 585 2509 mitem
595 2445 769 2508 custodies
780 2444 798 2523 3'
813 2445 905 2526 quod
915 2453 950 2510 et
958 2446 1087 2510 factum
1097 2452 1159 2508 est.
1193 2445 1307 2526 Igitur
1319 2442 1416 2508 Gau-

467 2544 589 2620 fridus,
606 2543 918 2607 constantiniensis
932 2545 1089 2620 antisteS,
1107 2562 1184 2608 cum
1199 2550 1324 2624 nepote
1342 2542 1416 2606 Ro-

467 2643 577 2719 berto,
595 2635 823 2705 ⁸Bath0niam
840 2648 876 2705 et
896 2640 1113 2706 Berkeleiam
1136 2640 1361 2723 depopulans,
1378 2641 1415 2704 in

466 2760 557 2822 pago
574 2740 736 2805 Wiltensi
751 2741 913 2804 manubia
930 2740 1021 2823 apud
1039 2740 1243 2803 Bristollum
1259 2758 1418 2820 compor-

465 2840 576 2902 tabat.
637 2837 798 2920 Rogatus
829 2838 872 2901 de
902 2836 1236 2914 Monte-Gomenco,
1264 2845 1416 2901 armatos

466 2956 544 2999 cum
566 2935 805 3001 Wallensibus
832 2956 855 3000 a
885 2925 1127 3000 Scrobesberia
1155 2936 1318 3017 dirigens,
1338 2936 1416 3000 wi-

465 3215 558 3276 stated,
567 3217 676 3278 namely,
686 3215 741 3264 that
751 3217 846 3277 haring
857 3222 927 3278 great
952 3218 1003 3267 and
1025 3218 1085 3267 died
1106 3233 1138 3267 on
1160 3218 1203 3266 the
1222 3217 1266 3266 ath
1284 3218 1414 3278 February

465 3285 622 3344 possessions
648 3286 674 3332 in
696 3285 756 3332 both
778 3285 926 3346 Normandy
953 3291 1026 3336 1⁰9³.
1062 3288 1182 3336 Malmsb.
1191 3302 1218 3348 p.
1229 3291 1287 3348 487,
1297 3284 1378 3337 aote¹.

465 3353 517 3400 aud
526 3352 652 3415 Eugland,
662 3352 685 3400 il
693 3352 734 3402 the
745 3353 877 3414 empireus
884 3355 926 3404 the

465 3425 517 3470 two
527 3423 717 3470 countrieswas
732 3423 800 3471 tobe
814 3422 928 3485 divided,
987 3421 1100 3473 'Omnes
1115 3423 1194 3486 primo
1212 3424 1301 3487 cunt]
1325 3423 1416 3472 ‘Exa-

466 3490 487 3538 it
498 3490 586 3539 would
598 3491 629 3540 be
644 3491 789 3553 impossible
805 3491 843 3540 sor
859 3492 926 3540 thern
953 3493 1046 3542 crabile
1064 3493 1111 3542 hoc
1128 3492 1222 3542 factum
1240 3493 1305 3542 clam
1321 3497 1414 3541 tracta·

466 3563 492 3607 to
519 3559 585 3620 keep
612 3575 645 3608 ou
675 3561 739 3609 such
760 3565 837 3610 terms
863 3561 927 3609 with
952 3566 1043 3610 verunt
1063 3563 1090 3609 in
1112 3561 1324 3624 Quadragesima,
1345 3562 1415 3622 quod

465 3627 525 3675 both
537 3629 807 3689 partiesastoenabls
822 3629 927 3678 themto
953 3631 1003 3678 cito
1024 3631 1051 3677 iu
1070 3631 1154 3692 palam
1175 3632 1304 3692 prorumpi
1328 3635 1415 3691 posset

466 3700 563 3757 protect
583 3696 649 3745 their
666 3702 793 3758 property.
828 3697 854 3746 1t
872 3711 927 3747 was
952 3704 1010 3760 post
1020 3699 1122 3748 Pascha
1131 3699 1147 3759 ς’
1169 3699 1361 3762 lilonwigorn.

465 3764 588 3814 therefma
602 3765 668 3813 their
680 3767 800 3814 intention
816 3769 842 3813 to
854 3766 926 3827 place

467 3833 570 3894 Robert,
591 3833 649 3881 who
670 3847 725 3882 was
747 3835 851 3894 already
869 3849 927 3895 pos-
986 3829 1155 3881 ’Balbutium
1181 3837 1206 3881 et
1228 3833 1414 3896 sabam]

465 3902 551 3951 sessed
570 3901 600 3949 of
618 3901 776 3964 Normandy,
793 3917 862 3963 upon
883 3903 925 3952 the
952 3899 1110 3963 ‘Goth-idus,
1127 3903 1262 3963 episcopus
1280 3902 1415 3952 Oantuari·

464 3971 552 4020 throne
568 3969 597 4018 ol
611 3971 738 4031 England,
749 3972 799 4020 and
815 3987 844 4020 so
860 3972 925 4034 keep
951 3971 1027 4032 ensis,
1047 3975 1073 4018 et
1087 3972 1229 4019 Rodberhrs
1247 3972 1279 4020 de
1302 3972 1414 4020 Mulbrsi

464 4040 524 4089 both
537 4039 670 4100 kingdoms
683 4040 778 4089 united.
951 4039 1050 4088 iverunt
1060 4040 1209 4100 Brycstoue,
1227 4041 1271 4088 ubi
1288 4040 1415 4089 habebant

500 4103 701 4175 ¹(lasusridus.]
738 4109 858 4169 Geoffrey
892 4109 925 4158 de
950 4114 1061 4157 castrum
1069 4108 1240 4168 fortissimum,
1248 4109 1363 4157 etomnia
1372 4109 1417 4158 de·

464 4175 610 4237 Montbray,
632 4177 723 4239 bishop
744 4177 774 4225 ot'
787 4177 926 4239 Contance,
950 4179 1091 4238 vastabant,
1106 4191 1188 4239 usquc
1204 4176 1297 4238 locum,
1313 4179 1357 4238 qui
1373 4193 1416 4226 ro·

463 4257 518 4291 was
537 4242 607 4291 chief
617 4245 736 4304 justicias
754 4246 783 4294 ol
798 4247 925 4310 England,
950 4251 1023 4294 catur
1038 4242 1160 4308 Bethan;’
1178 4247 1240 4296 Sim.
1252 4247 1373 4296 Dunelm.
