3178 5194
417 511 558 562 reeens
582 511 852 561 ursronrsnun.
1046 493 1112 558 349

322 660 418 722 Seinte
433 660 537 730 Meris,
552 661 683 722 Christos
696 663 778 730 bour,
1124 685 1180 724 an.
1190 682 1248 723 nra

321 756 471 815 Meidenes
487 757 615 826 clenhed,
629 757 759 816 moderes
773 757 856 826 dour,
1125 734 1237 824 dissidiae.

321 851 458 910 Delivere
471 853 548 912 mine
562 873 679 922 sennen,
694 873 782 930 regne
795 854 825 910 in
838 854 898 910 min
911 853 988 923 mod,

323 947 430 1026 Bringe
444 968 491 1006 me
504 957 534 1006 to
548 949 634 1006 blisse
648 950 696 1007 wit
710 949 753 1007 thi
767 950 837 1006 selfe
852 949 937 1008 God’

164 1118 243 1183 Hoc
279 1120 452 1183 canticum
488 1126 604 1202 potest
641 1119 706 1184 hoc
742 1119 844 1186 modo
880 1121 916 1185 in
949 1121 1114 1185 Latinum

163 1218 362 1298 transferri3
396 1219 549 1282 ‘Sancta
573 1218 699 1295 Maria,
715 1218 815 1301 virgo
837 1222 978 1299 munda,
1003 1229 1115 1286 meter

162 1315 270 1380 Jhesu
297 1316 428 1382 Christi
449 1313 637 1398 Nazareni,
658 1319 806 1401 suscipe,
827 1319 950 1396 adduc,
978 1328 1114 1397 sancta,

163 1423 276 1480 tecum
302 1417 338 1479 in
363 1416 432 1480 Dei
459 1436 615 1498 regnum.
679 1417 808 1481 Sancta
834 1417 961 1496 Maria,
985 1417 1115 1483 Christi

163 1515 350 1593 thalamus,
364 1515 543 1597 virginalis
561 1517 707 1598 puritas,
719 1516 840 1581 matris
856 1517 933 1595 fiee,
949 1518 1023 1583 dele
1038 1537 1116 1586 mea

165 1616 322 1693 crimina,
343 1635 450 1696 regna
470 1616 504 1678 in
529 1623 643 1679 mente
665 1635 755 1693 mea,
773 1616 841 1679 duc
863 1636 918 1680 me
941 1617 985 1680 ad
1008 1617 1115 1682 felici·

165 1721 271 1778 tatem
299 1734 378 1778 cnm
401 1714 477 1778 solo
503 1714 603 1781 Deo.’
660 1713 833 1797 Praecepit
858 1716 975 1799 itaque
1005 1724 1117 1781 mater

165 1813 306 1891 Christi,
331 1821 370 1879 ut
392 1813 553 1895 quotiens
576 1813 699 1891 dolori,
725 1815 829 1879 taedio
850 1815 905 1880 vel
932 1817 1117 1884 tentationi

165 1914 388 1977 succumbere
405 1912 616 1990 formidaret,
638 1913 703 1976 hoc
719 1933 756 1978 se
773 1915 909 1979 cantico
925 1915 1116 2000 solaretur;

165 2011 286 2075 ‘Nam
310 2012 387 2090 me,'
415 2013 540 2093 inquit,
563 2012 636 2076 ‘sic
660 2011 827 2076 invocans
851 2032 964 2078 meum
989 2015 1117 2080 senties

164 2118 368 2175 constanter
403 2111 597 2175 auxilium?
664 2111 799 2176 Deinde
832 2113 970 2193 signum
1004 2114 1117 2176 crucis

165 2211 273 2292 capiti
300 2211 376 2295 ejus
404 2211 616 2292 imprimenS,
639 2211 715 2293 ipso
740 2218 912 2288 cernente,
936 2211 972 2273 in
996 2212 1118 2276 caelum

165 2310 371 2388 ascendunt,
386 2309 526 2374 odorem
543 2311 575 2373 ei
591 2309 835 2376 suavissimum
851 2310 1096 2392 relinquentes.

184 2517 339 2591 Quomodo
355 2525 479 2580 soboles
496 2516 647 2582 liodricus
662 2515 736 2582 duos
753 2525 885 2584 moneor
900 2517 1103 2582 resuscitavit.

218 2656 405 2721 Venerunt
420 2655 476 2719 die
490 2658 640 2740 quodam
651 2659 696 2722 ad
714 2658 885 2721 hominem
900 2658 966 2721 Dei
977 2659 1031 2722 vir
1041 2678 1119 2722 cum

165 2776 281 2820 uxore
304 2774 380 2832 sua,
404 2754 518 2838 ipsum
538 2757 805 2820 misericorditer
824 2757 1056 2835 obsecrantes
1081 2765 1121 2821 ut

168 2855 379 2919 resuscitare
402 2854 508 2918 filiam
530 2874 628 2919 suam
644 2864 817 2920 mortuam
834 2856 1057 2937 dignaretnr3
1085 2864 1120 2920 et

169 2973 297 3036 corpus
314 2955 474 3017 exanime
496 2952 538 3018 de
559 2973 661 3018 sacco
678 2956 893 3020 excutientes
910 2975 1027 3020 coram
1043 2957 1120 3037 ipso

169 3052 256 3116 illud
287 3053 521 3137 projecerunt.
572 3053 637 3117 Vir
661 3061 777 3117 autem
808 3055 962 3131 Domini,
991 3055 1051 3136 qui
1075 3055 1120 3117 ad

168 3159 280 3215 tantae
294 3151 436 3216 virtutis
450 3170 538 3233 opus
563 3171 600 3214 se
617 3152 800 3236 judicabat
820 3154 1013 3235 indignum,
1035 3153 1121 3217 nihil

171 3251 362 3333 respondit,
377 3250 488 3313 sedin
510 3269 632 3332 agrum
654 3252 834 3333 processit,
857 3261 896 3317 ut
918 3259 1120 3316 consuetum

171 3359 350 3413 exerceret
370 3349 544 3428 laborem;
573 3350 623 3413 illi
651 3359 767 3415 autern
789 3351 951 3416 commoti
972 3370 1122 3416 recesse-

172 3457 267 3526 runt,
288 3467 414 3531 corpus
435 3449 668 3530 relinquentes
686 3452 722 3514 in
739 3451 892 3516 oratorio
906 3458 942 3515 et
955 3450 1121 3526 dicenteS,

172 3553 183 3586 ⁴
198 3548 343 3612 Habeat
365 3547 513 3612 cadaver
529 3556 564 3612 et
580 3549 738 3626 infodiat,
750 3549 806 3614 vel
825 3549 911 3614 illud
922 3551 1005 3614 vitae
1021 3549 1121 3614 resti·

173 3654 262 3725 tuat,
285 3647 369 3729 q'nie
391 3655 512 3729 'posset
534 3649 702 3712 suscitare
724 3649 754 3711 si
772 3647 899 3712 vellet.’
949 3647 1122 3712 Godricus

173 3765 316 3828 vespere
332 3745 473 3812 demum
488 3747 624 3810 rediens
639 3748 675 3809 in
689 3747 819 3829 angulo
833 3748 977 3811 oratorii
998 3766 1123 3830 corpus

172 3846 327 3926 invenit3
362 3846 407 3913 ad
435 3844 549 3908 Deum
571 3845 681 3926 igitur
699 3853 775 3910 tota
796 3845 910 3910 cordis
933 3845 1124 3910 intentione

172 3949 377 4010 conversus.
395 3944 610 4008 orationibus
645 3946 753 4027 coepit
784 3944 927 4021 instare,
955 3951 994 4008 ut
1027 3944 1124 4009 Deus

173 4046 404 4126 omnipotens,
422 4044 482 4126 qni
498 4043 572 4107 vita
596 4044 747 4108 omnium
771 4050 825 4108 est
845 4051 880 4108 et
902 4042 1010 4120 salus,
1025 4045 1124 4125 puel·

173 4144 245 4208 lam
261 4143 306 4206 ad
317 4143 426 4206 vitam
440 4161 603 4207 revocare
619 4142 829 4224 dignaretur.
865 4143 993 4206 Tribus
1010 4149 1126 4205 antem

174 4243 295 4306 diebus
310 4249 347 4306 et
362 4241 453 4305 binis
469 4243 628 4307 noctibus
651 4243 716 4306 hoe
737 4261 841 4325 agere
864 4261 933 4306 non
955 4240 1126 4322 cessavit;
