3104 5186
462 559 507 625 92
718 575 852 622 nocam
877 575 923 622 nn
947 573 1154 622 wannovrm

302 747 358 786 ln.
369 749 426 788 109⁷.
464 732 593 796 habens
620 733 838 810 fortissimas
860 733 1042 815 inquibus
1065 739 1201 796 centum
1222 730 1288 796 viri
1310 733 1423 796 armis

300 797 450 889 iiiii-lysides
463 833 608 909 strenui,
634 833 836 897 balistarum
854 851 955 896 usum
975 832 1154 908 habentes,
1180 838 1279 895 erant
1304 831 1419 914 depu-

462 932 541 1008 tati,
571 932 631 1014 qui
661 939 803 1015 pontem
834 932 889 997 vel
922 931 1073 996 fluminis
1102 931 1226 995 vadum
1257 931 1418 995 volentes

463 1033 611 1095 transire
627 1032 796 1095 violenter
813 1039 991 1119 arcerent3
1016 1031 1227 1095 advenerant
1243 1037 1419 1111 praeterea

463 1131 506 1193 ab
522 1128 710 1194 Antiochia
724 1131 857 1212 equites
871 1131 1093 1213 septingenti,
1108 1129 1179 1212 qui,
1201 1129 1239 1192 in
1256 1129 1417 1193 ulteriori

463 1229 613 1294 fluminis
629 1231 705 1312 ripa
722 1229 915 1306 constituti,
931 1231 1114 1294 transitum
1135 1229 1262 1292 nostris
1284 1248 1417 1310 negare

461 1348 525 1409 pro
539 1329 668 1394 viribus
687 1330 922 1393 decertabant.
973 1328 1030 1393 Ad
1053 1328 1144 1392 hunc
1167 1347 1304 1410 quoque
1325 1348 1416 1410 pon-

460 1436 532 1491 tem
547 1448 623 1491 cum
642 1430 789 1493 transire
810 1449 879 1493 non
901 1435 1039 1510 poterat
1060 1428 1133 1491 dux
1157 1427 1345 1505 RobertuS,
1368 1429 1415 1490 ab

460 1526 618 1591 hostibus
636 1528 810 1612 praedictis
829 1528 1026 1610 impeditus,
1037 1527 1077 1591 fit
1085 1527 1210 1591 ibidem
1227 1527 1412 1590 conflictus

461 1627 682 1708 asperrimus,
713 1627 804 1710 quod
838 1647 948 1710 usque
978 1627 1023 1690 ad
1055 1627 1241 1691 adventum
1268 1625 1413 1709 majoris

460 1727 634 1791 exercitus
665 1747 732 1790 non
763 1728 933 1791 cessabat.
995 1726 1188 1809 Postquam
1220 1745 1304 1807 ergo
1334 1726 1414 1789 uni-

460 1844 570 1889 versae
595 1834 831 1890 convenerant
851 1827 1017 1908 legiones
1045 1826 1141 1889 lituis
1163 1826 1412 1907 perstrepenti-

461 1926 524 1987 bus
546 1932 582 1988 et
600 1927 705 2003 tubis,
727 1925 1067 2008 pontem-invadunt,
1084 1925 1214 1988 viribus
1232 1924 1314 1989 totis
1329 1924 1413 1988 hos·

460 2031 512 2088 tes
529 2026 711 2107 repellunt,
723 2032 759 2089 et
775 2025 834 2088 alii
850 2024 1100 2102 interim,vado
1117 2032 1266 2106 reperto,
1281 2024 1412 2088 flumen

459 2131 618 2206 potenter
641 2132 833 2201 transeunt,
864 2131 900 2188 et
928 2125 1039 2206 ripam
1065 2124 1274 2202 ulteriorem,
1299 2121 1411 2189 hosti·

459 2224 523 2286 bus
539 2223 682 2307 fugatis,
699 2225 877 2305 attingunt
891 2244 899 2303 ;
925 2223 1049 2287 deinde
1064 2224 1234 2288 translato
1251 2225 1410 2288 exercitu

458 2323 632 2400 universo,
648 2332 763 2388 castra
778 2330 987 2400 statuerunt,
1008 2331 1043 2387 et
1065 2323 1120 2386 die
1143 2325 1301 2405 sequenti
1317 2323 1412 2388 inter

458 2429 593 2486 montes
609 2430 644 2486 et
665 2423 820 2500 fluvium,
836 2424 929 2487 viam
954 2423 1086 2505 regiam
1108 2431 1303 2505 sequentes,
1327 2429 1411 2486 ante

460 2522 580 2584 urbem
593 2522 683 2586 infra
698 2522 843 2587 milliare
859 2542 965 2585 unum
981 2529 1097 2586 castra
1113 2522 1328 2587 locaverunt.

510 2614 591 2684 Est¹
608 2629 723 2686 autem
737 2620 925 2687 Antiochia
940 2622 1064 2687 civitas
1080 2621 1260 2704 praeclara,
1277 2621 1321 2686 ab
1333 2617 1409 2686 An-

459 2719 574 2784 tiocho
595 2721 667 2786 filio
685 2720 880 2786 Alexandri
905 2721 1107 2786 Macedonis
1129 2723 1234 2799 dicta,
1254 2741 1296 2786 eo
1315 2722 1410 2804 quod

456 2818 551 2884 illam
583 2829 690 2904 caput
720 2828 892 2885 statuerat
925 2821 1025 2903 regni
1055 2821 1131 2900 sui;
1163 2822 1200 2885 in
1226 2821 1290 2886 hac
1312 2829 1411 2904 post-

456 2919 596 2982 modum
623 2922 856 3004 apostolorum
882 2920 1041 3003 princeps
1071 2921 1268 2984 cathedram
1295 2923 1410 2985 tenuit

455 3019 702 3098 pontificalem,
725 3023 789 3084 sub
807 3020 1002 3102 Theophilo
1029 3019 1102 3085 viro
1127 3021 1328 3097 venerabili,
1349 3020 1410 3103 qui

456 3123 532 3179 erat
555 3118 592 3181 in
616 3119 758 3183 civitate
778 3119 1050 3203 potentissimus,
1073 3140 1095 3184 a
1116 3139 1186 3202 quo
1210 3121 1314 3184 etiam
1340 3120 1408 3185 suit

455 3215 658 3298 Theophilis
684 3227 904 3301 nuncupata3
930 3219 1005 3283 haec
1022 3207 1161 3301 quoque
1176 3220 1300 3302 priscis
1317 3226 1407 3282 tem-

455 3315 596 3395 poribus
623 3317 717 3382 dicta
743 3326 796 3383 est
820 3319 983 3395 Reblata,
1009 3319 1052 3382 ad
1080 3338 1184 3400 quam
1208 3318 1408 3397 Sedechias,

454 3433 517 3477 rex
543 3413 568 3478 J
570 3417 660 3494 udae,
685 3425 767 3482 ante
795 3417 1119 3482 Nabuchodonosor
1141 3439 1257 3502 regem
1280 3419 1407 3482 ductus

454 3520 507 3577 est
539 3522 573 3578 et
603 3517 712 3581 oculis
742 3519 912 3600 privatus.
965 3518 1041 3582 Sita
1075 3525 1128 3582 cst
1159 3519 1194 3582 in
1225 3519 1407 3600 provincia

452 3611 657 3694 Syriaceles,
671 3637 749 3699 quae
767 3618 908 3700 majoris
922 3617 1033 3700 Syriae
1047 3636 1129 3699 pars
1143 3638 1218 3682 esse
1232 3618 1406 3700 dignosci·

452 3717 521 3788 tur,
553 3733 656 3796 agros
683 3716 814 3780 habens
844 3717 1047 3793 uberrimos,
1072 3717 1156 3782 rivis
1183 3737 1224 3781 ac
1251 3718 1405 3782 sontibus

451 3809 672 3878 delectabiles
697 3823 732 3879 et
754 3817 955 3880 amoenitate
978 3816 1182 3898 singulares,
1234 3816 1321 3880 Erat
1342 3838 1405 3882 au·

451 3916 520 3973 tem
537 3912 697 3977 dominus
715 3915 870 3979 civitatis
893 3909 1053 3998 ²quidam
1071 3915 1246 3994 Arrianus,
1262 3917 1405 3982 natione

485 4133 494 4166 ¹
506 4138 554 4186 Est
570 4143 650 4187 uatem
660 4134 815 4208 Antiochia]
832 4140 883 4189 For
899 4156 915 4190 a
940 4141 969 4190 oi
975 4142 1057 4204 Tyre:
1075 4143 1108 4203 by
1120 4143 1215 4192 Robert
1224 4144 1266 4192 tho
1278 4144 1360 4193 Monlr
1372 4146 1404 4194 he

449 4206 604 4268 description
623 4208 650 4257 ol
668 4210 778 4258 Antioch
802 4224 844 4260 see
863 4211 914 4260 Po·
939 4211 962 4260 is
980 4213 1062 4261 called
1078 4213 1233 4273 Cassianum
1250 4214 1285 4275 by
1297 4215 1408 4263 Fulcher

449 4275 537 4336 cocke,
548 4278 634 4327 vol.ii.
647 4279 700 4339 p.i.
711 4294 755 4340 pp.
770 4283 886 4330 188-193.
940 4281 969 4329 of
983 4281 1112 4344 chartres,
1127 4282 1283 4344 Gratianus;
1301 4284 1352 4332 and
1370 4286 1405 4346 by

485 4342 614 4400 ”Quidam
624 4344 761 4416 Arianae]
789 4350 823 4398 So
842 4350 913 4399 Will.
939 4352 1030 4401 Albert
1044 4353 1073 4402 of
1084 4353 1147 4417 Aix,
1164 4353 1316 4403 Darsianus.
1354 4354 1405 4404 His
