3144 5180
452 537 517 601 262
707 549 841 599 nonum
867 553 913 598 nn
936 547 1143 599 wannovna

294 729 417 768 n.o.11⁵³.
456 697 643 794 aliquando
659 716 776 772 autem
793 727 866 790 prae
881 705 1010 770 doloris
1030 706 1195 787 angustia
1209 711 1336 768 terram
1352 723 1411 767 co-

293 777 444 877 dffidtgt‘
456 809 651 885 madebant,
667 809 856 872 clamantes
873 813 908 870 et
922 806 1106 889 ejulanter,
1132 810 1142 839 ‘
1156 801 1279 880 Parce,
1290 822 1411 886 pareo,

294 877 402 918 s'pm'
458 910 631 985 miserere,
653 907 838 983 miserere,'
856 924 934 969 cum
951 904 1011 987 qui
1031 905 1086 967 sui
1105 905 1325 967 misereretur
1346 922 1411 984 pe·

459 1009 552 1071 nitus
570 1027 641 1071 non
658 1005 806 1070 adesset.
858 1005 1045 1068 Daemones
1063 1004 1168 1067 etiam
1185 1021 1290 1084 super
1306 1002 1409 1064 mise-

460 1125 517 1171 ros
540 1112 716 1170 currentes
739 1104 903 1186 gravibus
925 1121 985 1166 eos
1007 1102 1126 1182 flagris
1148 1102 1340 1175 caedebant,
1372 1107 1410 1164 et

461 1207 563 1269 militi
580 1205 752 1280 dicebant,
764 1209 773 1237 ‘
786 1203 875 1266 Haec
893 1208 1079 1277 tormenta,
1087 1219 1166 1284 quae
1176 1200 1285 1276 videS,
1301 1199 1410 1262 senti-

463 1305 552 1368 endo
566 1303 797 1386 patieris‚nisi
813 1302 911 1364 nobis
926 1301 1144 1383 adquiescas,
1156 1306 1194 1362 ut
1211 1299 1254 1361 ad
1272 1305 1410 1380 portam

461 1423 524 1486 per
539 1422 642 1485 quam
658 1402 797 1465 intrasti
816 1400 1013 1474 revertaris,
1031 1400 1075 1462 ad
1091 1417 1195 1480 quam
1213 1399 1243 1460 si
1256 1398 1409 1461 volueris

462 1503 606 1584 pacifice
621 1501 800 1564 deduceris
812 1499 831 1578 3'
854 1498 915 1562 sed
930 1498 1001 1574 ille,
1016 1498 1060 1560 ad
1075 1505 1225 1561 mentem
1241 1515 1411 1560 revocans

462 1600 612 1681 qualiter
632 1601 745 1680 ipsum
770 1598 867 1661 Deus
892 1593 975 1660 alibi
999 1595 1173 1673 liberavit,
1198 1596 1336 1659 credere
1357 1593 1410 1658 eis

462 1699 602 1762 omnino
619 1697 838 1778 contempsit.
883 1696 984 1759 Tune
1000 1695 1172 1759 daemones
1187 1714 1265 1758 eum
1286 1695 1322 1757 in
1339 1701 1412 1757 ter-

464 1817 538 1860 ram
549 1802 804 1879 prosternentes
814 1796 858 1858 ad
868 1795 1005 1859 modurn
1018 1795 1162 1858 aliorum
1171 1793 1344 1874 configere
1354 1813 1413 1857 oo-

464 1897 538 1960 nati
548 1903 644 1972 sunt;
661 1896 733 1972 sed,
746 1895 908 1958 invocato
918 1895 1054 1958 nomine
1065 1893 1089 1957 J
1091 1913 1152 1956 esu
1163 1891 1292 1956 Christi
1304 1889 1347 1956 ab
1357 1911 1414 1970 eo,

465 1995 550 2058 nihil
564 1995 712 2076 amplius
726 1995 761 2056 in
779 1992 856 2057 loco
872 1994 933 2056 illo
957 1993 989 2056 ei
1006 1993 1118 2056 facere
1134 1998 1332 2074 potuerunt.
1365 1991 1411 2054 In

466 2095 572 2158 aliurn
591 2112 751 2176 campum
767 2093 909 2156 militem
925 2093 1102 2155 trahentes
1118 2092 1304 2167 daemones,
1321 2091 1415 2154 hane

465 2194 513 2257 ibi
533 2193 760 2257 differentiam
783 2191 978 2273 conspexit,
1001 2189 1093 2273 quod
1118 2191 1208 2254 sicut
1229 2191 1264 2252 in
1288 2207 1414 2270 campo

466 2293 635 2374 superiori
654 2291 809 2355 homines
835 2289 955 2353 afflicti
979 2297 1118 2353 ventres
1139 2289 1333 2352 habuerunt
1353 2289 1416 2352 de·

465 2410 583 2455 orsum
600 2409 731 2467 versos,
748 2391 799 2452 ita
813 2388 848 2450 in
868 2388 933 2451 hoc
953 2407 1076 2470 eampo
1091 2388 1195 2451 dorsa
1209 2388 1285 2450 solo
1301 2388 1413 2451 haere·

465 2490 561 2553 bant.
614 2489 794 2552 Dracones
812 2495 928 2550 autem
942 2488 1036 2568 ignei
1053 2506 1157 2568 super
1172 2487 1342 2569 quosdam
1358 2505 1415 2550 se-

465 2585 599 2663 dentes,
614 2593 649 2651 et
665 2587 825 2650 dentibus
840 2605 899 2650 eos
923 2587 1035 2666 igneis
1055 2586 1285 2659 corrodentes,
1309 2586 1415 2650 modo

466 2686 652 2749 miserabili
668 2684 886 2766 affligebant3
906 2684 1050 2748 aliorum
1067 2703 1204 2766 quoque
1217 2684 1318 2761 eolla,
1336 2686 1417 2748 hra-

467 2783 544 2846 chia
561 2791 596 2847 et
619 2802 764 2866 corpora
780 2790 957 2864 serpentes
980 2783 1082 2865 igniti
1105 2785 1417 2864 circumcingentes

467 2882 607 2948 aculeos
622 2883 691 2946 oris
705 2882 758 2945 sui
774 2882 894 2962 igneos
909 2901 1026 2946 eorum
1041 2882 1201 2945 cordibus
1212 2881 1414 2946 infixerunt.

468 2981 621 3045 Bufones
636 2983 742 3045 etiam
755 2979 851 3043 mirae
865 2981 1114 3062 magnitudinis
1128 2990 1165 3043 et
1175 2979 1339 3058 horroris,
1354 3001 1415 3044 su·

464 3100 529 3162 per
546 3080 762 3163 quorundam
777 3088 920 3161 pectora
937 3082 1186 3157 incumbentes,
1202 3080 1415 3144 deformibus

466 3180 590 3243 rostris
612 3181 685 3244 suis
706 3197 822 3242 eorum
849 3179 955 3242 corda
978 3179 1160 3243 extrahere
1176 3179 1416 3259 conabantur3

468 3279 642 3343 daemones
663 3285 834 3361 praeterea
856 3297 961 3360 super
979 3275 1136 3360 singulos
1156 3279 1365 3341 cursitantes
1380 3287 1418 3342 et

468 3378 589 3459 flagris
604 3379 801 3460 asperrimis
824 3378 995 3440 caedentes
1011 3379 1154 3440 miseros
1167 3379 1323 3460 graviter
1336 3397 1417 3440 cru-

467 3477 620 3554 ciabant,
635 3497 698 3540 nec
713 3495 866 3559 unquam
882 3477 994 3540 afletu
1010 3484 1046 3540 et
1060 3475 1191 3560 ejulatu
1207 3474 1327 3539 afflicti
1341 3495 1417 3540 oes-

468 3577 604 3638 sabant.
646 3574 733 3638 Inde
749 3575 926 3638 trahentes
943 3574 1088 3639 militem
1108 3575 1281 3639 daemones
1298 3575 1334 3637 in
1351 3576 1417 3639 ali·

469 3690 529 3736 um
544 3674 715 3755 poenalem
734 3689 906 3754 eampum,
923 3675 1055 3738 invenit
1071 3674 1119 3736 ibi
1136 3681 1271 3738 tantam
1286 3676 1418 3738 utrius-

467 3791 537 3854 que
553 3791 659 3836 sexus
674 3778 708 3835 et
725 3772 840 3834 aetatis
861 3771 1007 3836 diversae
1022 3772 1290 3847 multitudinem,
1307 3781 1348 3837 ut
1364 3781 1417 3838 to-

468 3871 540 3934 tius
566 3872 659 3934 orbis
686 3870 934 3952 plenitudinem
956 3871 1094 3935 vincere
1113 3872 1334 3951 ‚crederetnr3
1358 3874 1420 3936 alii

469 3970 518 4032 ibi
542 3970 739 4051 pendebant
762 3969 798 4031 in
822 3969 969 4032 flammis
1002 3969 1198 4052 sulphureis
1220 3972 1332 4052 igneis
1357 3991 1418 4035 ca·

469 4069 558 4132 tenis
580 4090 643 4151 per
665 4069 769 4151 pedes
795 4075 830 4131 et
852 4069 966 4144 tibias,
992 4070 1163 4151 capitibus
1194 4071 1238 4133 ad
1264 4069 1334 4132 ima
1357 4071 1417 4134 de-

467 4168 596 4244 mi'sslS,
614 4169 673 4231 alii
688 4186 750 4248 per
764 4185 886 4230 manus
904 4175 939 4230 et
954 4168 1107 4244 brachia,
1124 4169 1183 4230 alii
1198 4188 1260 4250 per
1272 4168 1419 4250 capillos

468 4272 505 4326 et
530 4267 670 4347 oapita3
708 4268 767 4329 alii
793 4267 989 4348 pendebant
1011 4268 1048 4330 in
1073 4267 1219 4330 flammis
1244 4268 1356 4349 igneis
1381 4271 1419 4332 in
1447 4329 1458 4341 ,
