3178 5194
411 561 550 609 riorus
573 562 844 612 nrsronrnnurr.
1026 549 1093 614 359

141 735 214 779 mus
237 717 423 782 vindicare.
476 717 656 784 Noveritis
673 719 792 802 itaque
813 739 875 784 vos
896 721 1028 787 tamdiu
1045 724 1089 788 ab
1102 739 1225 783 ennon

141 816 328 898 episcopali
346 816 457 882 officio
480 819 663 882 commissa
682 820 782 883 nobis
801 839 824 883 a
843 820 921 884 Deo
940 822 1091 886 auctori·

139 921 211 978 tate
233 935 433 998 suspensos,
457 916 566 981 donec
588 917 632 980 ad
655 918 771 982 sedem
798 920 1025 1001 apostolicam
1046 922 1089 987 de

140 1020 237 1078 tanto
254 1033 402 1079 excessu
423 1015 634 1079 satisfacturi
656 1016 842 1094 accedatis,
860 1019 926 1082 nisi
942 1021 1089 1103 praefato

138 1111 395 1196 archiepiscopo
416 1113 468 1177 ita
492 1115 692 1179 satisfacere
713 1117 930 1196 curaveritis,
952 1127 992 1184 ut
1014 1139 1089 1203 poa·

140 1229 219 1275 nam
235 1213 340 1276 istam
355 1213 430 1296 ipse
444 1213 579 1295 judicet
592 1213 840 1279 relaxandam!

143 1353 148 1362 ι
185 1383 276 1464 Quod
288 1384 428 1450 edema
444 1385 524 1472 rape
540 1384 624 1452 leuto
642 1386 762 1452 Thema
768 1395 992 1473 preceperant,
1006 1396 1042 1452 ut

302 1484 452 1570 episcopos
466 1485 736 1552 acccmmwns‘cetes
748 1485 921 1552 absolvam.

188 1605 382 1689 Postquam
394 1615 513 1672 antem
530 1609 696 1688 Thomas,
710 1610 917 1674 venerabilis
933 1608 1087 1674 Cantua·
1100 1626 1250 1716 {gwssfffll

138 1705 260 1768 riensis
283 1706 574 1792 archiepiscopus,
597 1709 642 1772 ad
665 1707 845 1773 ecclesiam
870 1727 969 1773 suam
990 1702 1086 1772 ¹cum
1100 1687 1198 1766 sagon?
1216 1688 1229 1717 ⁰

138 1823 267 1886 magna
289 1805 372 1869 cleri
396 1813 431 1870 et
454 1807 573 1889 populi
594 1806 777 1872 devotione
799 1815 982 1890 susceptus
1007 1827 1085 1890 per-
1100 1776 1166 1816 ‘hm'

137 1905 246 1980 venit,
260 1904 356 1967 illum
374 1905 627 1971 incontinenter
637 1906 797 1970 adienmt
808 1906 900 1988 regis
912 1904 1089 1983 officiales,

136 2001 384 2067 denuntiantes
403 2024 448 2068 ex
467 2011 568 2087 parte
586 2005 696 2087 ipsius
717 2005 821 2087 regis,
841 2012 880 2069 ut
899 2023 1087 2087 suspensos

136 2102 320 2184 episcopos
352 2108 388 2166 et
420 2104 737 2168 excommunicatos
767 2102 974 2181 absolveret,
1005 2103 1088 2185 quia

137 2199 302 2281 quicquid
333 2209 457 2266 contra
484 2222 544 2267 eos
569 2201 699 2266 factum
724 2202 849 2280 dierat,
872 2209 913 2266 ut
935 2200 1088 2278 aiebant,

138 2296 174 2360 in
193 2298 288 2380 regis
305 2299 520 2364 redundabat
539 2301 700 2384 injuriam
720 2307 758 2365 et
775 2301 987 2366 eversionem
1004 2319 1087 2364 con-

137 2396 361 2461 suetudinum
380 2400 479 2480 regni
493 2420 501 2479 ;
525 2400 650 2481 quihus
664 2400 844 2482 respondit
857 2398 1087 2482 archiepisco·

138 2514 219 2577 pus,
236 2497 328 2578 qnod
345 2498 498 2580 episcopi
515 2499 815 2576 excommunicati,
832 2497 863 2561 si
878 2498 997 2583 jurare
1015 2497 1088 2562 rel·

140 2593 215 2658 lent
234 2596 271 2658 in
294 2595 405 2661 forma
422 2598 577 2661 ccclesiae
599 2617 637 2662 se
657 2597 821 2662 mandato
837 2597 968 2661 domini
988 2615 1088 2679 papea

138 2694 325 2774 parituros,
351 2696 425 2778 ipse
449 2716 512 2778 pro
536 2715 623 2779 pace
649 2697 805 2760 ecclesiae
832 2703 868 2761 et
894 2695 1090 2760 reverentia

139 2793 270 2856 domini
291 2794 384 2876 regis
407 2813 467 2858 eos
493 2795 711 2874 absolveret3
734 2794 829 2878 quod
853 2813 932 2858 num
956 2795 1088 2877 episco-

139 2892 193 2973 pis
216 2891 413 2970 referretur,
427 2893 690 2976 responderunt,
707 2895 944 2978 juramentum
965 2892 1088 2976 thus·

139 2990 246 3068 modi,
265 2990 392 3055 nisiex
406 2990 586 3056 voluntate
601 2993 706 3074 regis,
723 3011 761 3056 se
778 3012 847 3057 non
863 2992 987 3056 debere
1001 3009 1090 3073 prea-

139 3095 245 3154 stare.
297 3090 440 3153 Etcum
456 3091 562 3173 paulo
578 3098 659 3174 post
675 3090 954 3173 archiepiscopus
971 3089 1091 3154 tende-

139 3194 194 3252 ret
207 3187 253 3251 ad
263 3187 448 3252 videndum
462 3189 585 3254 faciem
599 3191 682 3255 novi
695 3190 799 3272 regis,
813 3189 873 3270 qui
886 3196 969 3253 tunc
978 3181 1090 3268 ²apud

138 3285 378 3351 Woodstocke
394 3290 605 3366 morabatur,
620 3296 789 3354 venerunt
805 3287 850 3351 ad
867 3306 945 3350 eum
959 3280 1090 3349 ³nuntii

23 3435 24 3446 ,
139 3384 252 3466 ipsius
269 3385 361 3467 regis
382 3387 627 3451 interdicentes
643 3409 688 3453 ex
707 3395 807 3470 parte
828 3386 917 3470 ejus,
937 3384 1091 3448 neultra

174 3555 183 3588 ¹
195 3560 260 3608 Cara
270 3574 359 3622 magau
366 3559 425 3610 cleri
435 3565 460 3610 et
468 3562 552 3625 populi
562 3563 603 3610 de·
628 3563 714 3612 dictus
725 3563 769 3622 qui
777 3561 847 3609 venit
854 3561 881 3609 in
892 3561 991 3610 nomine
1002 3558 1093 3608 Domi-

138 3629 235 3676 uotr’cne
251 3631 396 3694 suceptae]
406 3630 461 3678 The
471 3631 603 3692 following
628 3632 674 3682 ni.’
697 3631 846 3680 Sacerdotes
857 3631 934 3680 etiam
944 3629 1091 3692 parochiani

139 3703 252 3746 account
264 3698 295 3746 nl
301 3699 342 3748 his
358 3703 431 3759 entry
438 3700 490 3749 into
499 3700 603 3748 Canter-
628 3715 686 3749 curn
711 3699 873 3761 parochianis
895 3700 959 3759 suis,
975 3699 1092 3748 ordinata

140 3767 207 3828 bury
218 3769 242 3817 is
258 3767 336 3816 taken
351 3767 416 3817 from
432 3769 475 3817 the
492 3769 604 3820 Quadri·
628 3769 797 3831 processione,
807 3783 867 3817 cnm
878 3769 997 3818 crucibus
1008 3773 1089 3816 trans·

140 3835 232 3898 logan
246 3837 432 3897 ‘Quacumque
442 3838 511 3886 enim
521 3843 604 3887 trans-
629 3839 698 3887 eunti
708 3839 808 3887 obviam
820 3839 936 3887 exierunt
944 3833 961 3897 ;‘
972 3853 999 3898 p.
1011 3840 1068 3885 113.

142 3907 197 3955 ibat
224 3906 306 3954 turbas
328 3920 481 3968 pauperum,
502 3907 604 3968 parvuli
664 3905 758 3970 'Apud
773 3906 953 3968 wodstoke]
969 3905 1092 3954 Fruste-

140 3980 167 4023 et
182 3975 279 4037 magni,
295 3989 370 4024 senes
385 3990 445 4024 curn
460 3977 605 4037 junioribus
630 3976 697 4038 phen
716 3989 777 4035 says
792 3975 848 4024 that
864 3977 906 4024 the
925 3989 1013 4036 young
1029 3974 1092 4034 king

141 4044 298 4104 glomeratim
309 4045 605 4106 occarrehant,aliipro·
630 4059 685 4093 was
706 4044 766 4093 then
789 4048 816 4092 at
836 4043 1003 4092 winchester.
1037 4042 1093 4091 'l'he

141 4117 281 4162 sternentes
292 4127 320 4162 se
330 4115 469 4174 inris,ulii
477 4128 536 4162 vero
543 4127 606 4162 exu-
630 4119 685 4162 text
694 4112 795 4162 follows
805 4112 908 4173 Diceto,
918 4113 968 4160 col.
979 4115 1038 4160 554.

140 4186 213 4230 entes
227 4183 378 4232 vestimenta
394 4198 443 4231 sua
458 4188 485 4232 et
498 4188 605 4244 proster-
666 4180 813 4245 'Nartii.]
833 4181 980 4243 According
996 4186 1022 4229 to
1040 4179 1095 4229 Ho-

141 4256 230 4300 nentes
241 4265 287 4312 per
297 4253 374 4310 dnm,
386 4252 453 4300 illud
463 4253 607 4312 frequenter
632 4253 721 4314 reden,
731 4252 857 4316 Josoettn,
866 4251 910 4302 the
924 4251 1029 4314 quecn’s
1038 4251 1096 4299 bro·

140 4320 262 4370 iterantes
269 4325 296 4369 et
303 4321 515 4384 communest
525 4322 606 4370 Bene-
631 4321 696 4385 ther,
706 4337 732 4382 p.
744 4325 802 4370 521.
