3144 5180
421 537 562 598 riores
585 550 854 599 msrorrnnwm
1043 535 1109 601 317

158 709 287 788 genera
306 727 367 789 per
386 709 592 772 sententiam
613 708 796 789 ligaverat,
821 709 1022 773 nominatim
1043 710 1108 773 ite·
1122 721 1182 810 avt·
1189 723 1266 760 Ηθῦυ

158 811 237 869 rato
267 806 495 887 specificaret,
526 826 588 889 per
621 807 698 870 has
716 813 898 888 sequentes
924 808 1083 871 literas
1074 828 1109 870 m
1122 772 1184 910 {¹¹³2
1171 782 1249 910 εζῗιξι

158 923 281 967 vocem
310 906 552 988 appellationis
580 912 702 970 contra
729 906 820 990 juris
847 906 1001 970 ordinem
1029 924 1109 988 pro·

159 1011 345 1086 ruperunt.

209 1094 451 1165 ‘Venerabili¹
467 1081 559 1184 patri
574 1108 610 1166 et
624 1103 763 1166 domino
780 1085 937 1180 Thomas,
956 1086 1110 1167 cantua-
1123 1130 1172 1220 Thi
1173 1129 1220 1219 per
1197 1141 1247 1219 Ἧι

160 1199 265 1263 riensi
293 1199 563 1283 archiepiscopo,
590 1185 799 1282 suffraganei
823 1202 977 1284 ejusdem
1003 1181 1184 1265 eccle-¹⁰B

161 1297 222 1361 siae
237 1299 404 1382 episcopi,
426 1307 462 1364 et
483 1319 640 1382 personae
659 1319 722 1382 per
747 1301 933 1364 eorundem
955 1300 1110 1365 dioceses

160 1398 375 1475 constitutae,
387 1397 536 1462 debitam
551 1397 800 1483 subjectionem
818 1406 853 1464 et
869 1399 1109 1465 obedientiam

162 1493 340 1573 Quoniam
367 1497 582 1582 quorundam
609 1497 776 1561 relatione
799 1497 991 1576 didicimus,
1017 1499 1109 1582 quod

161 1594 204 1657 ad
224 1595 426 1658 memoriam
444 1596 548 1660 auxie
567 1615 782 1675 revocamus,
798 1615 860 1661 vos
880 1598 918 1660 in
934 1597 1110 1665 dominum

161 1713 280 1774 regem
294 1695 576 1759 comminationes
594 1696 760 1772 emisisse,
778 1714 847 1779 quo
866 1696 1110 1762 salutationem

161 1793 336 1870 omittitis,
350 1812 420 1875 quo
437 1813 507 1857 uon
522 1795 567 1857 ad
584 1796 763 1860 obtentum
786 1795 909 1876 gratiae
930 1796 1109 1860 consilium

160 1910 327 1972 precesve
350 1893 538 1975 porrigitis,
554 1913 622 1976 quo
633 1899 635 1904 ’
648 1913 715 1957 non
736 1895 885 1958 amicum
902 1894 984 1976 quid
1002 1897 1110 1960 senti·

159 1989 204 2052 'tis
225 1997 288 2054 aut
305 1992 467 2069 scribitis,
485 1991 546 2055 sed
562 1993 743 2056 intentatis
758 1993 861 2056 minis
878 1993 1109 2071 interdictum,

159 2099 222 2154 aut
245 2091 460 2174 praecisionis
486 2090 636 2172 elogium
664 2091 700 2154 in
724 2110 802 2154 eum
824 2092 900 2175 jam
927 2091 1108 2156 dicendum

158 2187 233 2252 sore
256 2189 452 2272 proponitis
471 2189 582 2253 multa
603 2191 808 2268 severitate3
838 2188 929 2270 quod
952 2191 982 2253 si
1004 2208 1108 2271 quam

161 2287 247 2351 dure
270 2288 400 2352 dictum
423 2295 489 2365 est,
514 2295 586 2353 tam
610 2289 713 2353 fuerit
740 2307 860 2352 severe
879 2288 1107 2369 completum;

160 2404 239 2466 quae
257 2387 399 2451 turbata
420 2393 515 2464 sunt,
537 2406 607 2450 non
623 2387 698 2470 jam
721 2405 900 2469 speramus
922 2386 966 2450 ad
989 2405 1109 2467 paoem

161 2483 284 2566 redigi,
310 2485 371 2548 sed
400 2486 436 2549 in
467 2505 616 2568 perenne
647 2484 819 2566 quoddam
854 2484 970 2550 odium
1002 2487 1108 2567 perti·

160 2584 344 2646 mescimus
366 2583 584 2647 inflammari.
637 2583 771 2656 Insedit
799 2585 869 2649 alte
892 2585 1109 2666 quorundam

159 2683 346 2759 mentibus,
367 2683 459 2764 quod
481 2682 639 2746 dominus
654 2702 718 2746 rex
735 2684 833 2748 vobis
850 2690 920 2746 tam
938 2682 1109 2764 benignus

159 2781 348 2858 exstiterit,
358 2788 498 2862 tamque
506 2788 582 2845 tota
592 2788 707 2846 mente
718 2781 919 2864 susceperit,
931 2787 967 2845 et
982 2789 1109 2846 cuneta

158 2879 326 2961 potestati
352 2885 478 2943 vestrae
504 2879 591 2943 adeo
619 2880 815 2964 subjecerit,
843 2887 882 2944 ut
905 2879 968 2944 bos
996 2881 1108 2944 solum

158 2979 282 3041 beatos
303 2979 483 3060 reputaret
506 2977 635 3060 opinio,
660 2979 720 3060 qui
739 2980 774 3042 in
797 2977 922 3044 vestris
945 2986 1107 3060 poterant

159 3076 270 3140 oculis
292 3077 529 3158 complacere3
562 3083 610 3154 et,
633 3096 676 3140 ne
698 3077 843 3159 gloriam
858 3084 1009 3141 vestram
1033 3097 1106 3140 mo-

157 3175 277 3238 bilitas
309 3175 483 3239 mundana
512 3181 631 3258 posset
662 3183 857 3252 concutere,
887 3194 950 3240 vos
981 3175 1106 3252 ineis,

158 3292 238 3355 quae
262 3273 331 3338 Dei
352 3280 446 3350 sunt,
463 3273 573 3338 voluit
594 3274 815 3337 immobiliter
837 3273 1003 3348 radicare,
1026 3290 1105 3354 spe-

157 3392 239 3436 rans
268 3391 306 3436 se
328 3372 371 3436 de
393 3379 521 3436 oaetero
548 3391 694 3452 regnare
720 3371 868 3435 feliciter
896 3378 931 3438 at
955 3370 999 3433 de
1022 3389 1104 3434 con-

157 3472 236 3535 silio
252 3477 369 3537 vestro
383 3490 518 3534 summa
536 3471 721 3535 securitate
737 3470 898 3552 gaudere.
952 3467 1008 3532 Ne
1023 3487 1105 3532 vero

157 3571 192 3632 in
210 3570 387 3634 dominum
403 3588 520 3650 regem
542 3576 577 3632 et
599 3589 743 3651 regnum
765 3569 854 3653 ejus,
877 3589 921 3632 ne
938 3569 974 3632 in
991 3587 1054 3633 nos
1070 3575 1105 3632 et

153 3669 360 3733 commissas
383 3669 482 3732 nobis
505 3668 668 3732 ecclesias
697 3675 732 3732 et
756 3668 937 3750 parochias
966 3687 1105 3731 manum

155 3774 310 3831 vestram
337 3785 530 3848 aggravare
560 3768 715 3845 tentetis,
740 3767 927 3832 remedium
950 3766 1105 3849 appella-

156 3867 262 3929 tionis
288 3866 387 3930 vobis
420 3866 637 3948 opponimus,
669 3875 704 3930 et
735 3868 794 3950 qui
826 3873 948 3930 contra
976 3872 1105 3930 metum

156 3965 396 4046 gravaminum
419 3965 455 4027 in
478 3965 566 4028 sacia
588 3966 743 4030 ecclesiae
761 3965 1025 4048 appellavimus,
1042 3964 1107 4028 ite·

190 4203 377 4276 wambae]
406 4209 468 4257 'l'his
490 4209 536 4258 bas
555 4209 618 4256 been
644 4205 1106 4270 wbichmaybeioundinDicato,col.

156 4278 231 4328 muclr
241 4278 366 4340 abridged
374 4277 438 4328 from
450 4278 493 4326 the
504 4278 620 4339 original,
646 4277 966 4354 541,rndEpp3'l'bomae‚i.
975 4276 1106 4339 epoxxvi.
