3138 5184
455 544 521 608 216
714 558 848 605 noontu
872 559 920 605 nn
942 557 1152 606 wnunovna

298 735 421 775 anum.
458 716 636 779 cerebrum
666 717 702 778 et
724 715 815 778 oculi
837 723 920 780 sunt
941 716 1110 795 humata3
1137 715 1309 796 reliquum
1324 733 1408 778 vero

458 833 596 896 corpus,
612 814 761 877 cultellis
777 814 935 891 incisum,
949 822 985 877 ct
1000 816 1109 878 multo
1124 815 1196 878 sale
1210 831 1406 894 respersum

458 931 565 976 causa
581 910 728 988 soetoris,
743 913 803 993 qui
824 931 972 994 magnus
990 919 1066 976 orat
1087 920 1122 976 et
1144 913 1408 976 circumstantes

458 1011 645 1088 inficiebat,
662 1011 700 1073 in
715 1011 816 1075 coriis
831 1012 1047 1076 reconditum
1060 1018 1114 1075 est
1126 1010 1273 1075 taurinis
1286 1029 1297 1088 3
1317 1009 1409 1072 unde

460 1120 496 1173 et
527 1109 681 1173 medicus
714 1107 785 1186 ille,
816 1108 876 1191 qui
915 1129 1043 1191 magno
1075 1109 1186 1192 pretio
1217 1107 1409 1172 conductus

461 1214 566 1288 caput
588 1208 664 1290 ejus
687 1209 798 1271 securi
821 1207 1002 1285 diffiderat,
1026 1215 1066 1272 ut
1089 1208 1266 1272 cerebrum
1289 1214 1410 1269 extra·

461 1307 560 1369 heret
577 1306 682 1369 nimio
696 1305 773 1389 jam
787 1306 911 1370 soetore
931 1312 1144 1388 corruptum,
1166 1305 1326 1387 quamvis
1342 1305 1412 1367 lin-

462 1405 693 1468 theaminibus
719 1404 837 1468 multis
861 1405 1054 1470 involutum
1075 1409 1167 1468 esset
1188 1409 1293 1486 caput
1322 1403 1412 1486 ejus,

463 1521 569 1565 causa
591 1507 707 1565 tamen
732 1502 866 1566 ioetoris
895 1504 1070 1567 extinctus
1102 1509 1168 1579 est,
1198 1501 1311 1585 pretio
1344 1501 1411 1564 sibi

462 1607 567 1682 pacto
582 1600 671 1664 male
685 1600 849 1681 gavisus3
878 1594 951 1664 ¹hic
976 1608 1091 1665 autem
1114 1600 1255 1665 ultimus
1274 1599 1342 1663 fuit
1364 1619 1411 1662 ex

463 1698 594 1775 multis,
611 1718 699 1780 quos
714 1719 777 1762 rex
797 1698 972 1764 Henricus
986 1700 1124 1764 occidit.
1170 1698 1257 1762 Inde
1271 1718 1413 1780 quoque

463 1815 588 1878 corpus
613 1797 746 1879 regium
770 1797 990 1880 deportatum
1012 1806 1066 1862 est
1088 1798 1181 1880 apud
1204 1796 1412 1875 cadomum,

463 1895 523 1958 ubi
552 1901 653 1977 pater
683 1896 758 1979 ejus
781 1898 989 1978 requiescit3
1022 1917 1099 1962 cum
1121 1903 1238 1961 autom
1261 1905 1353 1960 esset
1373 1897 1413 1959 in

464 1994 610 2059 ecclesia
625 1996 775 2078 positum
792 2001 873 2059 ante
895 1997 1004 2078 patris
1028 1997 1193 2072 tumbam,
1208 1994 1314 2077 coepit
1328 2015 1414 2058 con-

464 2093 563 2156 tinuo
585 2092 709 2157 humor
730 2095 829 2174 niger
851 2100 886 2158 et
907 2093 1080 2158 horribilis
1094 2095 1188 2158 coria
1202 2095 1292 2158 tauri
1308 2113 1418 2175 pene-

406 2241 413 2251 .
465 2197 570 2266 trare,
585 2193 645 2272 qui
661 2192 697 2254 in
712 2193 806 2256 vasis
823 2194 888 2256 sub
901 2193 1028 2256 feretro
1050 2212 1072 2256 a
1090 2191 1256 2257 ministris
1270 2211 1415 2274 suscep·

465 2296 523 2352 tus
557 2309 721 2371 magnum
753 2291 968 2356 intuentibus
1007 2291 1195 2355 inculcavit
1223 2291 1415 2355 horrorem.

465 2387 621 2450 Tandem
649 2388 798 2453 cadaver
820 2390 913 2470 regis
938 2391 975 2453 in
999 2387 1165 2470 Angliam
1191 2390 1349 2465 allatum,
1376 2391 1416 2452 in

466 2485 587 2549 diebus
618 2485 799 2550 Natalitiis
827 2489 920 2570 apud
952 2488 1164 2569 Radingum,
1193 2489 1230 2551 in
1255 2487 1416 2564 ecclesia,

467 2602 571 2664 quam
601 2583 676 2666 ipse
706 2584 923 2664 fundaverat,
951 2587 1116 2667 regaliter
1146 2592 1199 2651 est
1228 2587 1417 2668 sepultum,

466 2683 696 2763 praesentibus
719 2685 999 2769 archiepiscopis,
1025 2686 1195 2767 episcopis
1218 2692 1253 2749 et
1271 2703 1419 2766 magna·

467 2780 559 2842 tibus
576 2782 686 2861 regni.

493 2948 584 3022 Quod
599 2950 784 3035 Stephanus,
791 2955 885 3036 filias
903 2955 1069 3019 Ttootatda·
1085 2956 1203 3020 comitis
1216 2955 1381 3033 Blaeasa'e,

820 3063 984 3118 coronatur
997 3076 1060 3118 raa.

518 3171 705 3251 Defuncto,
721 3182 761 3238 ut
782 3175 910 3240 dictum
935 3185 999 3254 est,
1024 3198 1104 3260 rege
1128 3178 1294 3254 Henrico,
1317 3188 1420 3244 ante-

467 3273 571 3351 quam
588 3289 713 3354 oorpus
728 3273 804 3355 ejus
826 3275 1014 3356 sepulturae
1038 3278 1243 3352 traderetur,
1265 3277 1419 3360 Stepha-

467 3387 545 3444 nus,
560 3389 667 3452 nepos
679 3371 832 3454 ejusdem
849 3373 942 3454 regis
958 3394 1001 3437 ex
1021 3393 1138 3440 sorore
1153 3369 1293 3453 ²Adala,
1307 3396 1421 3441 uxore

467 3466 599 3530 scilicet
630 3466 835 3547 Theobaldi,
864 3473 1000 3536 comitis
1030 3475 1211 3551 Bononiae,
1246 3483 1281 3540 et
1309 3473 1424 3538 frater

468 3562 678 3628 Theobaldi³
691 3567 853 3649 junioriS,
868 3571 1004 3652 comitis
1016 3572 1203 3648 Blesensis,
1213 3573 1266 3634 vir
1279 3592 1421 3654 magnae

468 3662 686 3727 strenuitatis
719 3673 755 3728 et
783 3666 949 3744 audaciae,
975 3671 1134 3751 quamvis
1163 3679 1420 3734 sacramentum

467 3758 645 3824 fidelitatis
667 3764 877 3844 imperatrici
899 3766 942 3829 de
963 3787 1073 3849 regno
1095 3765 1233 3848 Angliae
1250 3768 1421 3851 jurasset,

507 3947 581 3998 ¹Hie
608 3955 688 4000 uatem
714 3953 815 4002 altimus
835 3955 929 4018 suit]
954 3957 1049 4006 ceeded
1058 3958 1424 4022 Eustacethethird,ofBou·

466 4017 644 4082 Huntingdon,
655 4035 681 4080 p.
694 4025 750 4070 886.
953 4023 1038 4088 logne,
1048 4027 1074 4074 in
1086 4031 1159 4077 1125.

499 4083 607 4147 'Ariola
633 4103 709 4137 uxore
733 4089 827 4139 scilicet
854 4092 929 4141 Theo-

465 4154 550 4214 tarot]
581 4156 665 4206 Adela
684 4172 739 4206 was
758 4159 800 4208 the
820 4160 880 4210 wiso
902 4162 932 4212 of
988 4159 1421 4235 ⁸Tlteobuldijaaioris.]'l'heobald

463 4223 583 4283 Stephon,
605 4239 650 4272 son
672 4227 701 4275 of
725 4227 856 4277 Theobald
884 4230 926 4280 the
951 4231 1413 4303 theiourllr,eurnamed‘LeGrand,

463 4290 539 4354 third,
561 4292 590 4340 of
610 4293 689 4344 Bloia.
737 4297 847 4358 Stephon
868 4313 926 4347 suc·
951 4302 1054 4350 aeventh
1065 4306 1141 4350 count
1151 4303 1180 4350 of
1189 4303 1269 4354 Bloia.
