3104 5186
433 517 574 568 renones
598 517 867 569 urssonrsnurr.
1058 501 1123 566 12⁷

165 694 237 736 nou
264 674 485 738 mediocriter
508 675 637 738 sarnam
663 674 876 756 praeteritum
904 673 1121 756 denigravit3
1134 688 1256 787 ἔκηα

165 773 262 849 dnm,
285 775 428 858 expleto
450 773 604 857 negotio,
625 773 671 838 ed
693 793 754 838 eos
775 775 835 856 qui
856 793 934 838 cum
956 775 1284 838 martum

168 891 233 934 nec
263 892 432 954 responsu
463 873 589 938 detulit
616 893 679 936 nec
704 873 815 936 redire
841 873 990 948 curavit,
1019 863 1122 938 ¹illu'd

167 969 192 1032 J
194 970 354 1034 uvenalis
369 971 631 1035 admemoriam
648 991 718 1035 non
735 971 923 1050 reducens;

251 1120 260 1148 ‘
271 1111 367 1171 Omne
380 1111 466 1170 mimi
478 1112 673 1170 vitiumtanto
687 1111 948 1188 conspectiusince

272 1191 390 1252 Crimen
403 1191 499 1259 hebet,
512 1201 619 1267 quante
632 1195 723 1267 major
736 1192 786 1268 qui
799 1199 897 1270 peccat
910 1189 1047 1248 habeut:

221 1325 347 1389 Comes
383 1327 606 1390 Tholosanns
645 1327 779 1390 intereo
807 1326 975 1389 Albarum
1002 1327 1120 1389 urbem

169 1425 376 1490 ditissimam
397 1426 532 1489 obsedit
554 1433 589 1488 et
610 1427 714 1507 cepit,
737 1433 842 1506 etque
857 1425 895 1487 in
912 1444 955 1490 eu
977 1424 1119 1488 Petrum

167 1524 354 1606 quendam,
372 1545 497 1606 genere
518 1524 793 1600 Narbonensem,
812 1523 1011 1606 episcopum
1028 1524 1121 1587 ordi-

169 1625 248 1686 nari
278 1623 371 1687 iecit.
441 1623 577 1686 Deinde
608 1622 765 1688 kalendis
794 1622 1016 1698 Novembris
1042 1643 1119 1685 cum

164 1722 243 1805 jam
265 1741 386 1786 omnes
405 1723 578 1804 principes
595 1741 640 1785 ex
657 1723 818 1790 condicto
839 1729 955 1785 essent
974 1741 1119 1802 congre·

169 1821 257 1902 geti,
279 1822 467 1901 accingunt
488 1841 526 1884 se
543 1822 587 1884 ad
608 1823 676 1884 iter
698 1820 1067 1902 Hierosolymitnnnm,
1084 1827 1120 1885 et

168 1927 294 2000 quarto
313 1918 480 1984 kalendas
507 1919 668 1983 Octobris
695 1921 740 1983 ed
766 1920 921 1982 Murram
941 1921 1118 1983 venientes

168 2019 379 2082 obsederunt
400 2038 488 2082 eam.
540 2018 706 2083 Distobet
728 2027 843 2082 eutem
869 2019 913 2080 ab
931 2017 1118 2082 Antiochia

168 2119 271 2200 quasi
300 2119 404 2181 trium
433 2118 565 2182 dierum
591 2118 726 2194 itinere,
754 2117 884 2181 babens
910 2118 1016 2193 cives,
1043 2137 1117 2199 prae

168 2217 391 2282 multitudine
404 2217 603 2282 divitiarum
614 2235 767 2293 suerum,
778 2217 880 2280 nimis
895 2223 1115 2297 arrogantem

167 2336 247 2380 nam
279 2335 399 2380 cruces
434 2335 539 2397 super
579 2323 693 2380 turres
729 2323 764 2380 et
800 2316 930 2380 moenie
965 2315 1116 2380 civitatis

169 2414 329 2496 figentes,
351 2415 464 2496 sputis
486 2421 522 2479 ct
541 2415 618 2481 aliis
642 2415 754 2480 modis
777 2415 965 2498 probrosis,
983 2415 1020 2476 in
1037 2433 1120 2477 con.

170 2514 350 2579 tumeliam
373 2521 582 2590 nostrorum,
599 2512 816 2593 efficiebant3
838 2513 930 2577 unde
951 2512 1119 2595 majorem

171 2613 281 2676 nostri
303 2612 576 2694 indignationem
594 2614 836 2694 concipientes,
852 2615 970 2676 urbem
994 2631 1118 2692 aggre-

171 2711 323 2788 diuntur,
340 2719 383 2776 et
404 2718 484 2794 post
506 2712 691 2776 multorum
714 2712 846 2776 dierum
866 2711 1118 2787 infestationes,

171 2810 355 2890 applicatis
372 2810 416 2873 ad
433 2829 567 2876 murum
591 2811 706 2886 scalis,
723 2811 853 2874 moenia
869 2811 1039 2874 violenter
1061 2829 1118 2873 as·

171 2909 335 2984 cendunt,
351 2910 539 2991 urbemque
561 2910 635 2975 sine
659 2910 752 2974 omni
772 2910 953 2974 obstuculo
970 2909 1118 2989 ingressi

171 3027 245 3072 eum
279 3027 428 3078 vacuum
462 3008 680 3084 invenerunt,
711 3015 746 3073 et
784 3009 860 3091 ejus
896 3009 1118 3072 obtinuerunt

170 3106 256 3170 clam
273 3113 308 3169 et
328 3108 458 3188 absque
478 3107 630 3174 tumultu
652 3107 764 3190 spolie
786 3108 960 3170 universa.
1013 3104 1117 3172 cives

170 3213 285 3270 autem
310 3205 355 3270 ed
382 3206 565 3286 speluncas
583 3226 621 3270 se
638 3209 882 3272 subterraneus
902 3205 1118 3269 conserentes

173 3323 245 3370 suae
270 3305 378 3372 saluti
406 3305 450 3370 ed
478 3312 614 3387 tempus
645 3305 895 3388 providerunt3
932 3304 992 3368 scd
1018 3323 1119 3368 manc

171 3403 262 3467 facto
279 3404 401 3481 nostri,
418 3404 462 3467 ad
484 3405 666 3487 speluncas
688 3405 828 3486 ignibus
845 3402 1040 3485 applicatis,
1058 3421 1117 3466 eos

172 3502 215 3565 ad
236 3502 445 3566 deditionem
469 3504 721 3585 compulerunt,
743 3509 779 3565 et
800 3503 928 3586 partim
946 3503 1118 3588 capitibus

171 3601 372 3684 amputatis
404 3602 530 3684 partim
561 3602 708 3665 vinculis
737 3593 992 3686 manciparunt.
1046 3601 1120 3664 Un-

170 3699 302 3764 decimo
316 3700 371 3764 die
385 3699 586 3768 Decembris
609 3689 755 3767 moritur
767 3701 895 3766 ibidem
910 3700 1119 3776 Willelmus,

168 3798 390 3863 Aurosiensis
413 3802 570 3878 antistes
597 3802 651 3864 vir
672 3801 856 3884 religiosus
878 3807 913 3864 et
934 3800 1053 3884 justus
1076 3819 1117 3862 ac

171 3899 296 3962 timens
323 3899 449 3964 Deum.
507 3899 713 3982 Mensoruut
738 3907 854 3964 autem
881 3900 916 3965 in
944 3901 1029 3964 urbe
1056 3899 1119 3964 illu

165 3998 338 4080 peregrini
353 4019 415 4081 per
430 4018 581 4062 mensem
598 4019 705 4063 unum
722 4007 758 4062 et
773 4000 847 4063 dies
866 4006 1026 4081 quatuor.

353 4170 435 4222 ¹Illud
452 4173 603 4236 ducendis]
626 4174 701 4222 Setir.
721 4172 775 4224 viii.
794 4186 860 4220 vers.
873 4175 928 4219 lto.
