3138 5184
418 555 557 604 uacuus
580 555 850 604 u1suou1luuu.
1043 541 1109 607 219

157 719 316 794 argento,
332 731 438 794 quam
459 713 496 775 in
521 713 665 793 gemmis
691 720 726 777 et
751 713 907 777 vestibus
933 713 1106 795 pretiosis
1121 731 1243 774 nana

159 811 296 875 Deinde
321 813 359 874 in
384 810 474 874 festo
496 810 690 875 Dominicae
712 812 925 876 ascensionis
948 812 1108 894 divulge·
1122 831 1237 898 nomeu

161 917 236 972 tum
266 910 334 974 luit
372 929 434 992 per
464 907 642 991 angliam,
671 929 787 992 regem
820 929 897 974 esse
924 916 1109 988 mortuum,
1122 881 1234 972 ditis*

160 1009 254 1072 unde
283 1011 437 1073 maxima
469 1009 683 1090 perturbatio
718 1009 871 1072 surrexit
908 1010 944 1072 in
981 1029 1109 1091 regn03

162 1127 244 1171 nam
284 1107 392 1190 Hugo
427 1107 539 1188 Bigod
576 1103 756 1170 castellum
789 1106 944 1171 Norwici
979 1109 1112 1190 ingres-

162 1225 224 1269 sus
246 1207 358 1270 noluit
385 1205 526 1270 reddere
560 1205 646 1268 illud
678 1206 745 1268 nisi
777 1206 863 1287 regi,
896 1213 932 1270 et
964 1205 1029 1270 hoc
1058 1207 1111 1270 in-

164 1305 271 1369 vitus.
309 1305 427 1387 Coepit
447 1323 529 1386 ergo
549 1303 711 1385 deinceps
730 1303 1010 1368 Normannorum
1032 1323 1113 1387 pro·

164 1403 251 1466 ditio
283 1404 467 1486 pullulare,
500 1401 561 1466 sed
593 1421 657 1466 rex
687 1403 738 1467 eis
770 1403 916 1467 viriliter
949 1403 1113 1466 resistens

165 1502 260 1582 cepit
289 1504 402 1584 primo
429 1502 609 1565 castellum
643 1501 686 1564 de
715 1502 907 1565 Batintona
934 1501 1114 1586 cujusdam

167 1599 316 1664 Roberti
333 1600 517 1682 proditoris
540 1598 615 1678 sui;
646 1600 795 1681 indeque
814 1593 1003 1667 ¹Exouiam
1025 1601 1116 1664 obsi-

166 1698 265 1775 dens,
279 1718 385 1781 quam
403 1699 541 1762 tenebat
556 1692 791 1762 'Baldevvinus
807 1699 849 1762 de
862 1698 1019 1764 Redvers
1035 1719 1116 1762 con·

167 1804 223 1860 tra
253 1817 344 1874 eum,
377 1797 437 1860 sed
467 1817 544 1861 sero
574 1804 691 1860 temen
722 1805 757 1860 et
789 1816 867 1861 oum
898 1797 1113 1875 difficultate,

170 1895 342 1959 redditum
372 1904 426 1959 est
453 1897 485 1959 ei
514 1896 696 1959 castellum
722 1913 800 1958 cum
826 1896 980 1961 civitate.
1033 1896 1114 1960 Rex

169 2001 299 2071 autem,
314 2014 422 2076 pravo
442 2013 526 2058 usus
543 1993 699 2070 consilio,
719 2014 789 2057 non
809 1996 967 2059 exercuit
984 1995 1116 2059 vindic-

173 2099 244 2155 tam
263 2093 301 2157 in
327 2085 521 2176 proditores
544 2111 640 2169 suos,
660 2091 751 2155 unde
771 2099 893 2175 postea
916 2083 1118 2156 restiterunt

172 2192 202 2254 ei
219 2199 257 2254 et
277 2192 427 2274 plurime
447 2196 570 2254 contra
591 2209 670 2253 eum
689 2198 806 2254 castra
824 2191 983 2272 nequiter
1002 2191 1117 2254 firma·

173 2297 297 2354 verunt
312 2311 321 2369 ;
348 2291 501 2372 perrexit
518 2297 635 2354 autem
647 2289 727 2353 inde
741 2288 785 2353 ad
796 2287 957 2354 Wectam
970 2289 1119 2352 insulam

172 2397 206 2452 ct
221 2389 367 2453 abstulit
376 2407 451 2452 eam
461 2388 663 2453 Beldewino
672 2387 715 2451 de
727 2387 883 2452 Redvers
894 2387 1072 2469 praedicto,
1084 2394 1119 2451 et

172 2486 287 2569 ipsum
304 2489 349 2550 ab
363 2487 494 2568 Anglia
508 2487 694 2550 exsulavit.
734 2486 814 2550 Rex
828 2487 946 2568 igitur,
965 2486 1017 2550 his
1039 2505 1119 2569 pro·

174 2606 274 2669 spere
303 2586 424 2668 gestis,
454 2585 549 2649 venit
574 2592 738 2648 venatum
769 2585 862 2666 apud
894 2585 1122 2661 Brantonam,

175 2705 244 2748 non
273 2685 378 2765 longe
408 2684 453 2747 ab
484 2683 736 2758 Hunteudona,
767 2689 804 2745 et
833 2683 881 2747 ibi
912 2683 955 2745 de
984 2682 1122 2747 forestis

175 2802 353 2864 procerum
378 2799 517 2845 suorum
542 2788 577 2844 et
602 2780 842 2844 venationibus
866 2780 1060 2862 placitavit,
1088 2787 1123 2844 et

175 2889 306 2958 votum,
321 2879 414 2963 quod
431 2879 509 2943 Deo
525 2885 561 2942 et
575 2879 706 2960 populo
720 2877 861 2955 fecerat,
876 2879 1033 2978 violavit.

228 3051 319 3127 Quod
336 3051 525 3136 (deofridus,
541 3072 634 3115 coma
647 3047 887 3135 Audepcoemir,
901 3049 1074 3134 municipia

452 3149 658 3214 Normucuiae
672 3146 858 3232 subjupuoit.

229 3275 360 3338 Eodem
391 3280 546 3355 tempore
576 3271 781 3348 (laufridus,
816 3289 930 3335 comes
960 3268 1227 3352 Andega-seeu

181 3375 306 3449 vensis
338 3379 373 3435 et
401 3391 492 3436 uxor
524 3371 601 3457 ejus
632 3370 791 3435 Matildis
817 3370 892 3434 sine
925 3368 1126 3434 difficultate
1139 3345 1268 3443 ffliiy.

179 3471 297 3552 aliqua
334 3470 479 3534 castella
518 3469 744 3534 Normanniae
777 3468 1013 3544 obtinuerunt,
1049 3487 1127 3531 cum

180 3569 400 3632 firmitatibus
415 3571 549 3633 cunctis
564 3563 749 3632 ³Willelmi
770 3566 935 3643 Tolerus,
955 3586 1042 3648 quas
1064 3587 1127 3630 rex

182 3666 350 3732 habuerat
364 3668 402 3732 in
421 3687 526 3733 manu
541 3685 617 3742 sue,
634 3664 795 3729 exsulato
812 3664 1000 3728 Willelmo.
1029 3665 1128 3740 Inde,

182 3785 299 3831 mense
328 3766 501 3847 Augusto,
533 3783 609 3826 cum
644 3763 737 3845 apud
770 3762 1029 3844 Rothomagum
1050 3781 1129 3844 per·

183 3867 369 3940 venissent‚
396 3864 530 3944 peperit
560 3862 718 3925 Matildis
742 3862 790 3925 ibi
815 3861 933 3925 comiti
960 3860 1129 3924 Gauirido

218 4023 379 4090 ¹Econiom.]
396 4025 645 4077 SotheSax.Chron.
670 4025 772 4074 winde
792 4027 893 4087 Rivers,
911 4025 964 4074 earl
983 4023 1012 4072 os
1028 4023 1130 4072 Deven-

185 4095 232 4142 and
256 4095 440 4158 Huntingdon3
468 4097 543 4144 Puris
570 4096 645 4144 reads
671 4095 746 4144 shire.
803 4099 806 4108 '

185 4162 318 4213 ‘otford'
704 4161 843 4211 'Willelmi
862 4154 988 4226 Talem]
1011 4157 1132 4207 ‘Guliel-

670 4246 727 4280 mus
737 4230 899 4289 Talavacius,
910 4243 994 4278 comes
1003 4229 1106 4278 Pontivi
1117 4223 1131 4288 ς’

220 4294 645 4367 ²Baldewinurde1iedverr.]Bnld-
672 4299 794 4349 Oruvit.
807 4313 833 4358 p.
843 4301 901 4346 903.
