3104 5186
392 539 545 588 :ncoans
567 540 838 590 ursronrnnuu.
1028 527 1094 592 141

140 697 253 760 nostri
275 697 352 780 jam
375 706 516 761 'murum
539 705 808 780 occupaverant,
832 704 869 763 et
891 697 963 764 dux
989 696 1094 764 etiam
1107 712 1231 810 afflar-

139 815 240 858 suum
274 796 518 861 introduxerat
549 798 728 873 vexillum,
757 807 870 863 turres
897 797 1095 862 deserentes
1106 813 1258 855 uectum

141 903 175 960 et
194 897 325 960 moenia
348 897 392 960 ad
417 897 571 960 vicorum
598 915 675 961 sese
698 898 880 980 angustias
901 895 1095 962 conserunt.

143 994 254 1057 Porro
271 995 333 1058 alii
351 1001 614 1076 cognoscentes,
639 996 732 1078 quod
752 997 907 1061 maxima
926 1016 1008 1080 pars
1031 1015 1096 1060 no·

144 1093 260 1156 biliam
293 1101 404 1158 turres
425 1103 691 1176 ¹occupaverant
722 1097 887 1173 civitatis,
909 1097 1025 1161 scalas
1050 1096 1094 1160 ad

144 1213 276 1256 murum
293 1193 452 1258 certatim
468 1193 657 1276 applicant,
678 1215 739 1276 per
761 1215 850 1278 quas
869 1196 1095 1260 ascendentes

144 1311 276 1355 murum
299 1293 436 1357 caeteris
464 1312 502 1356 se
527 1291 754 1376 conjungunt.
801 1294 902 1358 Tunc
924 1295 998 1358 dux
1021 1293 1096 1358 Go-

146 1391 296 1455 defridus
327 1393 497 1474 quosdam
535 1392 579 1455 ad
610 1400 746 1474 portam
779 1393 1097 1476 septentrionalem,

147 1510 221 1573 quae
238 1491 342 1556 hodie
356 1484 490 1555 ¹sancti
508 1491 611 1555 Pauli
630 1491 767 1569 dicitur,
785 1493 950 1574 dirigens,
964 1500 1004 1557 ut
1019 1512 1097 1556 eam

148 1591 340 1672 aperientes
364 1591 532 1674 populum
553 1590 774 1676 introducant
796 1592 839 1655 de
864 1592 949 1658 soris
969 1611 1097 1675 expec-

148 1696 298 1769 tantem3
334 1709 404 1771 qua
432 1690 497 1753 sub
526 1690 618 1754 omni
645 1691 820 1756 celeritate
853 1699 1019 1768 reserata,
1041 1691 1094 1754 in-

147 1807 285 1870 gressus
299 1796 353 1852 est
367 1789 542 1853 exercitus
555 1788 749 1867 universus,
766 1797 867 1856 sexta
888 1790 987 1868 seria,
1010 1790 1096 1854 hora

148 1908 247 1965 nona,
263 1891 409 1971 [mensis
423 1888 446 1952 J
450 1888 511 1952 ulii
525 1887 658 1953 decima
672 1888 739 1954 die.
767 1885 774 1894 '
793 1889 907 1972 Capta
920 1897 974 1954 est
990 1891 1098 1971 igitur

149 1989 269 2052 civitas
288 1986 527 2068 Hierusalem]
546 2008 636 2052 anno
662 1988 804 2052 Domini
829 1989 1011 2054 millesimo
1033 2008 1096 2053 no·

147 2088 324 2168 nogesimo
341 2107 445 2164 nono,
462 2107 552 2151 anno
569 2107 613 2152 ex
629 2108 698 2170 quo
713 2088 831 2152 fideles
850 2089 980 2153 Christi
997 2108 1097 2170 pere·

147 2187 233 2267 grini
262 2193 383 2250 votum
413 2196 449 2253 et
473 2187 566 2252 viam
594 2194 703 2251 tantae
729 2187 1017 2271 peregrinationis
1042 2207 1097 2252 as.

147 2294 366 2368 sumpserant
382 2293 527 2368 quarto;
547 2285 687 2350 sedente
699 2287 735 2350 in
752 2288 916 2354 cathedra
935 2288 1096 2353 Romana

146 2404 236 2467 papa
273 2383 418 2449 Urbano
445 2386 608 2461 secundo,
643 2386 882 2451 Romanorum
913 2387 1096 2470 imperium

148 2484 410 2548 administrante
445 2483 611 2561 Henrico,
640 2484 843 2549 Graecorum
876 2507 958 2553 vero
988 2488 1097 2569 impe*

147 2591 261 2647 ratore
277 2582 428 2662 Alexi0;
453 2583 489 2645 in
506 2584 654 2648 Francia
680 2594 849 2666 regnante
867 2585 1041 2668 Philippo,
1060 2587 1097 2651 in

146 2681 278 2764 Anglia
294 2683 479 2748 'Willclmo
506 2682 612 2759 Rufo,
637 2692 804 2766 regnante
829 2685 865 2748 in
893 2692 1098 2768 perpetuum

148 2782 182 2846 in
211 2802 331 2846 omnes
356 2789 391 2846 et
420 2802 525 2864 super
552 2784 667 2848 omnia
693 2784 844 2848 Domino
864 2791 984 2848 nostro
1010 2783 1100 2850 Jesu

149 2881 300 2959 Christo,
318 2883 373 2946 cui
388 2882 547 2947 honoret
563 2883 676 2964 gloria
691 2903 752 2966 per
768 2884 897 2950 saecula
913 2884 1059 2951 infinita.

205 3056 255 3120 De
270 3057 414 3122 occisione
432 3058 602 3122 Parcarum
618 3066 646 3120 et
659 3057 908 3140 mundificatioae
924 3067 1035 3122 sancta

554 3156 703 3222 civitatis.

200 3292 316 3376 Capta
338 3293 444 3374 igitur
467 3293 609 3358 civitate
630 3291 860 3371 sanctissima,
885 3294 957 3357 dux
981 3294 1098 3360 Gode·
1112 3309 1232 3352 Jerusalem
1280 3259 1284 3272 ι

149 3393 258 3457 fridus
286 3400 322 3456 et
347 3392 465 3456 fideles
487 3411 618 3468 omneS,
644 3393 704 3474 qui
732 3413 810 3456 cum
839 3413 880 3456 eo
905 3402 1016 3471 erant,
1038 3415 1101 3478 per
1112 3362 1184 3401 'mn'

150 3492 286 3573 plateas
308 3492 438 3555 strictis
458 3491 588 3572 gladiis
608 3491 851 3569 discurrentes,
867 3500 1040 3576 quotquot
1056 3494 1100 3558 de

151 3591 308 3655 hostibus
324 3591 499 3672 reperiunt
513 3592 549 3652 in
566 3610 626 3653 ore
642 3590 748 3671 gladii
763 3591 995 3655 indifferenter
1019 3614 1099 3675 pro-

153 3697 334 3768 sternunt3
367 3697 467 3754 tanta
492 3707 629 3770 quoque
655 3691 940 3773 interemptorum
962 3700 1098 3775 strages

153 3797 239 3866 erat,
268 3796 305 3853 et
335 3789 555 3869 praecisorum
585 3807 729 3852 acervus
763 3790 926 3871 capitum,
958 3797 999 3854 ut
1024 3793 1100 3877 jam

154 3889 281 3951 nemini
299 3888 356 3951 via
372 3894 506 3968 pateret
519 3895 590 3974 aut·
597 3889 762 3952 transitus
777 3890 813 3952 ni
834 3909 937 3971 super
953 3909 1099 3973 corpora

154 3994 419 4070 peremptorum.
450 3985 623 4050 Latebant
636 3995 750 4051 autem
766 3987 879 4052 adhuc
897 3989 1103 4054 haecomnia

192 4214 396 4277 'SanctiPaali.]
412 4215 465 4264 'llre
478 4221 535 4277 gnte
543 4215 616 4264 north
640 4215 799 4278 S.Stephen;
817 4217 996 4278 soWssLTyre
1004 4219 1103 4270 andthe

157 4285 185 4334 ol
192 4287 233 4335 the
243 4287 336 4348 temple
354 4287 428 4334 bears
444 4285 486 4334 the
503 4300 576 4334 name
592 4286 620 4336 oi
642 4291 702 4336 rest.
719 4286 1103 4350 Seet’ococke,ii.parti.p.al.
