3138 5184
465 551 529 615 154
712 564 847 612 nocam
875 563 922 610 na
945 519 1154 611 wuundvar

302 744 425 804 annom
464 731 624 807 peratore
645 724 682 786 in
708 724 836 786 montis
858 722 1022 787 verticem
1045 727 1123 784 tota
1149 719 1323 783 translata
1347 725 1420 795 est,

298 794 453 885 dl'dl'dda.
463 825 514 888 ita
525 831 564 887 ut
579 822 772 886 Dominicae
786 821 957 904 passionis
975 828 1010 884 et
1026 819 1286 883 resurrectionis
1302 819 1419 894 loous,

421 949 425 956 ⁴
463 923 523 1006 qui
546 923 641 1004 prius
665 929 766 985 extra
789 922 908 984 urbem
934 921 1058 994 suerat,
1083 919 1167 982 urbe
1187 917 1416 994 reaedificata,

461 1022 553 1086 infra
566 1041 743 1086 murorum
760 1021 926 1083 ambitum
943 1018 1170 1082 clauderetur.

525 1194 574 1258 De
589 1191 661 1257 locis
676 1188 896 1256 innobilibus
912 1191 1004 1275 iufra
1019 1198 1158 1253 ecoctam
1174 1187 1340 1252 dotorem.

299 1312 424 1364 ⁰¹¹2⁸¹¹⁰¹l
515 1316 605 1380 Haeo
631 1323 746 1380 autem
773 1321 896 1378 sancta
924 1319 960 1378 et
984 1312 1062 1376 Deo
1084 1310 1211 1376 dilecta
1231 1312 1356 1376 civitas
1380 1317 1418 1373 et

315 1363 322 1401 l
348 1375 377 1402 e.

300 1373 370 1412 ,m
461 1416 575 1483 minor
588 1416 749 1478 maximis
772 1420 827 1476 est
848 1425 883 1476 et
905 1412 1134 1476 mediocribus
1155 1411 1278 1494 major,
1300 1410 1417 1473 forma

462 1514 600 1597 quidem
627 1515 789 1594 oblonga,
813 1522 848 1575 et
870 1519 969 1593 parte
992 1511 1103 1574 altera
1123 1511 1280 1590 longiore
1302 1516 1416 1574 tetra-

462 1633 566 1695 gona,
589 1612 738 1678 vallibus
764 1610 942 1695 profundis
970 1611 1005 1673 in
1030 1610 1139 1673 tribus
1162 1609 1320 1692 partibus
1347 1609 1416 1671 oir-

464 1719 655 1795 cumsepta.
707 1711 801 1775 Nam
824 1711 868 1774 ab
890 1710 1021 1776 oriente
1043 1709 1168 1773 vallem
1186 1708 1290 1771 habet
1304 1707 1328 1770 J
1331 1727 1415 1771 osa-

460 1811 559 1895 phat,
576 1812 613 1876 iu
630 1810 729 1894 cujus
744 1811 813 1874 imo
830 1811 899 1873 sita
913 1816 967 1873 est
984 1809 1130 1872 ecclesia
1139 1807 1208 1871 Dei
1221 1807 1416 1890 genitriciS,

462 1912 520 1975 uhi
546 1911 684 1994 sepulta
699 1910 850 1974 creditur
873 1916 908 1972 et
925 1908 1116 1989 gloriosum
1140 1907 1215 1991 ejus
1237 1913 1416 1971 monstra-

461 2017 518 2076 tur
534 2009 773 2092 sepulchrum3
796 2009 862 2072 suh
884 2027 954 2090 qua
971 2015 1025 2070 est
1044 2015 1179 2070 torrens
1194 2006 1344 2082 Cedron,
1364 2026 1417 2068 ex

461 2111 561 2193 aquis
578 2110 788 2192 pluvialibus
801 2115 909 2184 ortuS,
923 2107 966 2170 de
983 2126 1052 2189 quo
1069 2107 1206 2183 dicitur,
1216 2111 1226 2140 ‘
1237 2106 1415 2188 Egressus

460 2207 535 2292 ejus
566 2217 663 2272 trans
695 2215 883 2273 torrentem
913 2205 1073 2282 Cenon:
1098 2213 1134 2280 et
1161 2213 1298 2270 caetera.
1350 2203 1414 2268 Ab

461 2317 578 2372 austro
601 2309 706 2373 hahet
723 2306 849 2372 vallem
869 2307 1005 2382 Ennon,
1029 2304 1203 2387 praedictae
1219 2304 1303 2369 valli
1324 2324 1415 2368 con-

460 2403 612 2488 tiguam,
642 2425 720 2488 quae
748 2407 865 2469 sortis·
884 2405 1067 2488 Benjamin
1096 2411 1131 2469 et
1157 2403 1260 2467 Judae
1284 2403 1351 2468 fuit
1372 2405 1414 2467 in

460 2505 613 2569 funiculo
648 2505 911 2581 distributionis,
944 2512 979 2569 et
1009 2502 1088 2567 indo
1125 2523 1163 2566 se
1195 2504 1330 2583 erigens
1362 2505 1416 2567 ad

459 2605 622 2668 verticem
639 2604 779 2680 montis,
796 2603 857 2684 qui
872 2610 926 2667 est
940 2611 1062 2667 contra
1077 2603 1245 2666 Beennon
1260 2602 1303 2664 ad
1320 2604 1419 2666 occi-

460 2702 609 2779 dentem,
632 2704 669 2765 in
691 2722 761 2784 qua
783 2711 836 2766 est
854 2701 1121 2778 Acheldemach,
1148 2701 1213 2766 hoc
1241 2709 1294 2766 ost
1323 2720 1416 2782 ager

460 2802 652 2884 sanguinis,
677 2809 813 2883 emptus
835 2802 877 2866 de
900 2802 1012 2884 pretio
1035 2801 1176 2866 Domini
1198 2801 1234 2863 in
1251 2801 1415 2882 sepultu-

460 2920 534 2964 ram
549 2900 820 2983 peregrinorum.
872 2899 928 2965 Ah
951 2900 1127 2964 occidente
1144 2920 1226 2965 vero
1252 2899 1414 2983 ejusdem

459 3000 562 3064 vallis
589 3000 693 3063 habet
714 3007 860 3081 partem,
887 3001 923 3063 in
951 3019 1021 3082 qua
1044 3001 1113 3064 sita
1136 3006 1191 3063 est
1212 3005 1312 3064 vetus
1333 3000 1414 3082 pis-

459 3099 549 3175 cina,
567 3118 646 3181 quae
664 3099 808 3164 celebris
828 3099 894 3163 fuit
914 3101 1125 3181 temporibus
1147 3118 1268 3180 regum
1290 3099 1413 3178 Judae,

460 3206 495 3261 et
510 3198 590 3261 inde
606 3198 822 3279 protenditur
836 3199 880 3261 ad
898 3199 1065 3281 piscinam
1087 3199 1309 3281 superiorem,
1327 3218 1413 3281 quae

460 3296 673 3360 Patriarohae
694 3296 831 3374 dicitur,
846 3297 953 3380 juxta
974 3298 1213 3373 coemiterium,
1233 3297 1325 3379 quod
1353 3308 1414 3363 est

458 3396 493 3459 in
510 3398 687 3478 spelunca,
704 3415 781 3480 quae
802 3397 1065 3479 cognominatur
1090 3397 1228 3460 Leonis.
1274 3394 1308 3460 A
1328 3415 1413 3478 sep·

458 3497 726 3580 tentrionovero
742 3496 847 3578 plano
866 3496 989 3559 itinere
1007 3496 1051 3560 ad
1077 3497 1196 3560 urbem
1219 3495 1415 3575 acceditur,

458 3595 493 3656 in
511 3614 580 3676 quo
593 3595 690 3659 locus
707 3602 772 3672 est,
789 3595 848 3659 ubi
862 3602 1097 3678 protomartyr
1110 3595 1307 3676 Stephanus
1324 3595 1415 3660 diei·

458 3700 516 3757 tur
531 3694 719 3777 lapidatus.
762 3689 984 3759 ¹Patriarcha
1002 3713 1139 3777 quoque
1154 3695 1258 3778 hujus
1275 3701 1413 3760 sauctae

458 3793 611 3858 civitatis
643 3801 793 3877 quatuor
830 3794 936 3858 hahet
972 3794 1263 3877 archiepiscopos
1298 3814 1413 3858 unum

416 3884 423 3898 '
458 3890 719 3970 Caesariensem,
749 3894 855 3957 alium
888 3893 1090 3976 Tyrensem,
1120 3895 1260 3958 tertium
1291 3893 1412 3958 Naza-

457 4012 603 4072 rensem,
615 4001 777 4076 quartum
793 3989 1053 4070 Petracensem,
1063 3993 1099 4056 id
1117 4001 1170 4057 est
1185 3993 1318 4058 Montis
1334 3993 1412 4057 Re-

456 4093 566 4173 galis;
592 4095 723 4174 primus
741 4094 853 4180 estin
869 4094 1010 4176 regione
1029 4093 1241 4171 Palaestinae,
1262 4093 1353 4156 alius
1371 4094 1411 4158 in

491 4280 679 4352 ¹Potn‘archa.]
697 4287 774 4347 Upon
784 4288 826 4336 tha
837 4288 916 4347 patn'-
943 4283 1049 4339 Quien’a
1060 4287 1153 4336 Oriens
1164 4286 1335 4352 Christianus,
1345 4293 1409 4339 tom.

453 4353 555 4402 archate
567 4354 596 4402 os
608 4355 752 4405 Jerusalem
768 4357 868 4406 consult
880 4357 916 4406 Le
930 4357 981 4408 ,iii.
994 4359 1042 4406 col.
1056 4361 1112 4408 101.
1310 4355 1313 4360 ’
