3190 5202
364 623 502 680 rnoans
526 633 793 684 u1sr01unauu.
1008 603 1052 683 b‘l

73 790 128 872 ,ui
146 791 311 872 virgam
337 785 547 872 pastoralem
571 790 698 872 exigis,
720 810 824 872 quam
849 811 919 855 non
946 791 1119 856 tradi-ao.
1132 813 1188 852 10⁹5.

72 891 186 966 listi3
217 897 299 954 tuae
323 877 503 952 sententiae
520 896 635 953 tamen
658 883 800 953 ¹cedens
813 892 973 955 baculum
997 863 1169 955 re-llltlln.

72 990 259 1070 rignabo,
283 989 366 1052 licet
380 1007 450 1051 non
467 989 542 1064 tibi,
558 989 640 1070 quia
660 989 792 1071 justius
809 990 905 1053 illum
930 997 1051 1055 sancto

71 1089 240 1151 reddam
277 1087 486 1164 Eadwardo,
520 1087 619 1170 cujus
647 1088 808 1150 baculum
844 1089 1052 1154 auctoritate

71 1185 261 1268 suscepi?
304 1187 351 1249 Et
367 1187 422 1248 his
437 1186 538 1249 dictis
555 1205 633 1249 cum
648 1187 720 1249 suis
731 1187 887 1275 *accessit
902 1188 944 1250 ad
961 1195 1053 1251 tum·

71 1289 166 1348 bam
210 1303 460 1362 marmoream,
495 1304 564 1366 qua
602 1285 744 1366 gloriosi
777 1287 868 1367 regis
896 1286 1052 1368 reliquiae

71 1385 365 1460 claudebantur,
380 1391 416 1447 et
430 1391 528 1446 stans
547 1389 627 1447 ante
649 1384 866 1466 sepulchrum
890 1386 952 1463 ait,
975 1386 1051 1449 ‘Tu

78 1485 186 1560 scis,'
212 1483 342 1565 inquit,
371 1483 610 1546 ‘sanctissime
634 1503 695 1546 rex
721 1483 925 1562 Eadwarde,
948 1504 1052 1568 quam

79 1585 231 1646 invitus
266 1583 332 1646 hoc
362 1595 449 1644 onus
478 1581 700 1664 susceperim,
724 1584 859 1664 quoties
889 1603 944 1646 me
974 1604 1053 1648 cum

84 1701 279 1766 quaererer
296 1682 562 1758 absentaverim,
585 1682 634 1744 sic
655 1681 767 1744 fateor
782 1683 864 1765 quia
885 1683 1053 1766 insipiens

87 1782 214 1844 factus
239 1800 331 1856 sum,
355 1780 415 1843 sed
438 1786 477 1843 tu
500 1800 554 1843 me
578 1780 746 1860 coegisti3
776 1800 856 1843 nam
879 1780 959 1845 licet
983 1783 1076 1864 fra-v

90 1889 193 1944 trum
216 1900 290 1942 non
309 1879 445 1942 deesset
461 1880 597 1955 electio,
615 1878 725 1962 plebis
741 1881 875 1962 petitio,
889 1881 1052 1945 voluntas

94 1981 344 2062 episcoporum
357 1985 393 2042 et
402 1980 516 2059 gratia
529 1997 721 2060 procerum,
738 1979 793 2042 his
811 1986 927 2043 tamen
943 1983 1053 2044 omni-

94 2082 165 2143 bus
180 2085 247 2142 tua
260 2078 548 2160 praeponderabat
561 2081 762 2155 auctoritas,
779 2087 841 2142 tua
863 2081 975 2160 magis
992 2099 1053 2144 vo·

97 2179 234 2254 luntas,
250 2177 310 2240 sed
328 2197 407 2240 ecce
421 2198 512 2241 nunc
527 2197 637 2240 novus
655 2197 730 2254 rex,
748 2197 839 2241 nova
856 2179 927 2254 lex,
942 2197 1053 2241 novus

101 2276 263 2360 pontifex
286 2293 395 2340 novas
417 2277 608 2339 sententias
629 2277 876 2358 promulgant;
903 2283 938 2339 te
960 2296 1054 2340 erro-

104 2379 152 2439 ris
176 2382 341 2456 arguunt,
360 2376 420 2456 qui
441 2395 496 2438 me
520 2375 718 2457 pontificem
739 2375 870 2455 fecisti;
894 2396 949 2438 me
966 2395 1056 2458 pree-

108 2475 325 2558 sumptionis,
352 2475 411 2556 qui
442 2475 621 2538 consensi:
654 2495 723 2538 non
747 2482 863 2538 tamen
885 2475 966 2551 illis,
995 2476 1056 2558 qni

111 2577 256 2658 exigunt
283 2573 375 2656 quod
408 2594 477 2637 non
505 2574 685 2650 dederunt,
716 2573 776 2636 sed
802 2574 865 2637 tibi
894 2575 1055 2638 baculum

113 2677 248 2756 resigno
279 2673 339 2755 qni
369 2671 504 2749 dedisti,
532 2674 594 2737 tibi
622 2692 739 2736 curam
769 2693 887 2736 eorum
918 2675 1054 2738 dimitto

115 2794 198 2856 quos
221 2773 302 2836 mihi
330 2772 577 2836 commendasti
591 2767 610 2850 ;’
636 2781 670 2836 et
697 2792 774 2835 cum
798 2773 873 2836 haec
897 2773 1055 2850 dixisset,

115 2875 246 2938 elevata
266 2870 444 2954 paululum
469 2891 575 2934 manu
598 2873 635 2935 in
657 2871 820 2954 lapidem,
843 2891 911 2955 quo
930 2891 1056 2954 corpus

116 2979 268 3036 sanctum
292 2972 486 3052 tegebatur,
503 2971 678 3052 impressit
691 2972 863 3048 baculum,
877 2977 887 3005 ‘
900 2971 1055 3054 Accipe,'

117 3073 279 3154 inquiens,
294 3071 451 3132 ‘domine
472 3070 519 3132 mi
539 3088 614 3146 rex,
632 3077 667 3133 et
686 3071 742 3133 cui
766 3071 935 3152 placuerit
957 3071 1055 3135 trade

120 3173 210 3234 illum
221 3169 240 3250 ;'
259 3173 298 3233 'et
311 3163 365 3232 sic¹
379 3169 590 3232 descendens
612 3170 655 3231 ab
669 3169 784 3245 altari,
801 3171 1055 3251 pontificalibus

122 3278 252 3344 exutus,
273 3269 364 3331 inter
382 3269 569 3332 monachos
586 3268 661 3349 ipse
673 3267 748 3350 jam
767 3270 954 3332 monachus
975 3271 1057 3332 sim·

124 3371 200 3452 plex
214 3367 347 3431 resedit.
401 3366 494 3444 Quid
520 3368 627 3447 ergol
651 3367 910 3431 admirabantur
926 3388 1056 3445 omneS,

124 3471 285 3532 intuentes
322 3467 457 3547 virgam
488 3465 698 3548 pastoralem
730 3466 818 3529 silici
849 3467 1056 3542 immersam,

130 3587 210 3650 quae,
223 3567 318 3647 qnasi
340 3566 376 3627 in
400 3583 569 3628 marmore
595 3565 762 3641 radicata,
777 3584 840 3628 nec
864 3565 1058 3628 declinabat

131 3668 168 3730 ad
203 3666 375 3728 dexteram
416 3681 528 3745 neque
557 3664 601 3726 ad
634 3665 836 3739 sinistram3
877 3665 1060 3727 tentabant

132 3767 215 3828 illam
231 3763 364 3846 quidam
381 3763 539 3838 evellere,
561 3763 622 3825 sed
645 3763 707 3825 illa
728 3760 911 3825 immobilis
925 3781 1059 3842 perma-

136 3867 235 3927 nebat.
284 3862 355 3926 Res
378 3861 530 3925 defertur
552 3861 587 3923 in
610 3861 791 3943 synodum,
806 3859 866 3924 sed
889 3859 1060 3924 Lanfran-

138 3983 189 4026 cus
202 3963 292 4025 dictis
306 3961 408 4023 fidem
429 3980 499 4024 non
521 3960 700 4036 adhibens,
722 3959 889 4023 accersito
906 3959 1062 4024 Roffensi

140 4063 278 4142 episcopo
305 4058 498 4135 Gundulfo,
519 4059 621 4142 jubet
645 4067 685 4121 ut
707 4059 872 4122 accedens
899 4059 942 4122 ad
974 4065 1061 4122 tum·

141 4162 206 4223 bam
232 4159 399 4238 baculum,
434 4174 536 4241 quem
568 4158 776 4239 deposuerat
799 4158 995 4235 Wlstanns,
1026 4160 1063 4221 in

414 4396 421 4428 ¹
436 4394 552 4466 codena]
573 4395 700 4461 ‘Sedena’
712 4401 769 4450 MS.
854 4437 856 4440 .
