3190 5202
433 541 571 592 cnonas
596 545 864 594 nrsronrnncn.
991 620 995 628 Ι
1077 534 1120 598 17

166 699 223 761 lice
243 718 333 781 equo
351 700 472 782 pulsus
495 707 561 778 est,
577 710 613 766 et
631 701 827 766 Willelmus
843 700 935 765 filius
951 702 1026 785 ejus
1042 705 1118 767 vul·
1130 739 1186 779 Μ),
1198 739 1271 780 nu.-

166 805 320 875 neratus,
336 806 372 862 et
394 799 494 862 multi
512 799 554 862 de
572 819 637 862 sua
653 799 784 864 familia
806 800 1002 881 interfecti3
1029 821 1115 883 qua·

165 904 307 979 propter
337 917 400 961 rex
429 897 610 962 maledixit
636 897 791 962 Roberto
816 898 986 977 filiosuo,
1011 920 1115 983 quam

165 995 453 1073 maledictionem,
488 1002 674 1079 antequam
708 998 831 1074 obiret,
866 1006 1030 1080 expertus
1063 1008 1116 1064 est

165 1093 351 1159 evidenter.

299 1266 388 1346 Quod
401 1268 554 1332 Norenses
569 1267 786 1350 interfecerunt
799 1267 972 1353 episcopum

514 1365 754 1430 bumannum.

208 1481 350 1552 Eodem¹
362 1509 500 1571 quoque
512 1497 665 1571 tempore
674 1489 891 1565 Walcberus,
902 1487 1114 1551 Dunelmen·
1128 1512 1246 1552 umeros

163 1585 211 1648 sis
235 1587 393 1664 antistes
411 1595 532 1652 contra
547 1588 750 1669 dignitatem
769 1585 1002 1668 pontificalem
1021 1588 1113 1650 curis
1126 1561 1278 1654 iffim‘

162 1702 200 1746 se
224 1684 424 1766 immiscens,
441 1686 667 1762 secularibus,
687 1705 709 1749 a
726 1685 902 1750 Willelmo
923 1685 1006 1747 emit
1021 1683 1113 1747 Nor-

162 1781 414 1848 thanhumbriae
427 1786 645 1863 comitatum;
661 1791 707 1860 et,
718 1784 930 1848 vicecomitis
942 1801 1049 1863 agens
1059 1783 1111 1847 vi-

160 1898 231 1956 ces,
249 1882 293 1945 ad
310 1881 401 1945 laica
420 1902 458 1946 se
474 1883 602 1947 recedit
611 1883 744 1967 judicia
759 1889 864 1963 atque
886 1883 930 1945 ab
954 1881 1111 1948 omnibus

161 1980 441 2058 provincialibus
461 1989 534 2045 tam
560 1981 731 2044 nobilibus
749 1999 853 2062 quam
875 1980 997 2055 servis,
1019 1979 1112 2042 inso-

161 2074 272 2139 lenter
286 2080 426 2143 retorsit
438 2079 620 2162 pecuniam
637 2079 817 2141 infinitam.
851 2077 1018 2159 ¹Populus
1032 2084 1110 2140 tan·

159 2172 249 2251 dem,
267 2177 415 2240 assiduis
436 2177 590 2261 episcopi
607 2196 648 2240 ac
664 2177 898 2239 ministrorum
916 2175 991 2257 ejus
1006 2193 1110 2238 exac-

159 2272 311 2337 tionibus
334 2275 378 2339 ad
398 2283 590 2340 extremam
609 2275 796 2357 perductus
816 2273 980 2354 inopiam,
996 2273 1110 2354 indig-

161 2372 310 2434 nabatur
337 2373 440 2437 valde
467 2393 543 2438 sese
571 2373 615 2437 ad
640 2379 713 2435 tam
737 2391 879 2453 gravem
904 2371 1110 2452 redemptio.

160 2487 239 2531 nem
264 2471 338 2534 sine
361 2473 615 2534 intermissione
637 2470 822 2552 compelli;
855 2470 946 2532 unde
968 2470 1108 2551 provin-

160 2565 265 2630 ciales
293 2571 518 2633 communiter
545 2588 662 2633 omnes
683 2569 726 2632 ad
751 2575 920 2632 secretum
947 2569 1108 2631 conveni.

160 2671 257 2728 entes
275 2667 483 2749 colloquium
501 2667 726 2731 decreverunt
743 2667 961 2742 unanimiter,
979 2667 1108 2746 singuli

160 2769 195 2826 et
210 2764 374 2842 universi,
387 2773 428 2829 ut
442 2767 576 2829 occulte
595 2766 720 2828 armati
730 2765 892 2827 venirent
912 2764 955 2826 ad
978 2764 1108 2845 placita

159 2861 356 2939 comitatus,
380 2864 424 2927 ad
450 2863 692 2946 propellendas
716 2863 875 2947 injuriaS,
901 2862 932 2925 si
956 2863 1106 2924 necessi·

158 2966 214 3022 tas
235 2961 438 3026 immineret.
491 2962 648 3043 Cumque
669 2961 774 3043 paulo
798 2967 879 3041 post
906 2960 951 3023 ad
976 2959 1107 3041 placita

159 3067 324 3122 consueta
345 3079 462 3124 omnes
484 3059 801 3142 comprovinciales,
817 3065 857 3121 ut
879 3057 1106 3139 praelocutum

158 3154 285 3232 fuerat,
304 3159 390 3221 satis
412 3159 566 3222 animose
590 3159 823 3232 advenissent,
846 3157 943 3219 etde
963 3155 1109 3220 diversis

159 3253 294 3337 injuriis
315 3257 380 3318 sibi
398 3256 571 3339 justitiam
595 3256 670 3320 fieri
694 3257 904 3336 exegissent,
926 3255 1109 3336 episeopus

160 3351 261 3414 nimis
283 3354 468 3418 crudeliter
489 3354 678 3436 respondit,
693 3354 785 3436 quod
801 3354 843 3416 de
865 3353 962 3415 nulla
980 3352 1109 3436 injuria

160 3448 217 3512 vel
233 3450 405 3515 calumnia
421 3453 507 3535 ipsis
526 3453 700 3537 justitiam
725 3452 903 3514 exhiberet
922 3458 1108 3531 antequam

160 3547 226 3610 sibi
248 3547 354 3618 libras
367 3551 636 3632 quadringentas
658 3555 806 3613 monetae
828 3549 967 3629 optimae
988 3567 1109 3612 nume-

159 3655 306 3710 rassent.
352 3647 452 3712 Tunc
467 3668 557 3712 unus
572 3669 690 3713 eorum
706 3667 769 3731 pro
787 3645 945 3710 omnibus
962 3644 1107 3726 loquens

158 3741 335 3808 licentiam
349 3748 541 3827 postulavit
557 3750 601 3812 ab
616 3749 790 3829 episcopo,
808 3744 1109 3825 superexactione

159 3844 352 3922 praemissa,
363 3853 402 3908 nt
415 3853 558 3927 possent
568 3845 648 3907 inde
658 3846 782 3907 babere
792 3842 1013 3924 colloquium,
1024 3860 1110 3922 qua-

160 3947 261 4002 tenus
277 3941 397 4004 habita
414 3943 661 4006 deliberatione
679 3942 745 4008 sibi
762 3941 955 4023 quivissent
971 3938 1108 4003 consul-

168 4069 1107 4100 -———..—....-........-.-.-.-ss---—-——

196 4159 202 4188 ¹
215 4164 307 4212 Endera
323 4181 413 4228 quoque
429 4167 554 4231 ternpore]
571 4167 625 4216 The
651 4167 724 4216 chere
735 4171 761 4215 to
769 4171 841 4216 1⁰80.
862 4166 905 4214 He
913 4177 968 4212 was
979 4162 1112 4212 murdered

159 4230 221 4280 Sax.
242 4232 345 4294 chron,
365 4235 485 4285 Florenoe
508 4235 558 4285 and
586 4237 625 4284 Si·
650 4235 834 4285 atGateshead
851 4249 882 4283 on
899 4234 941 4283 the
960 4232 1019 4282 luth
1031 4233 1113 4294 Mny;

160 4314 244 4361 meon,
254 4302 289 4350 all
300 4301 366 4351 refer
376 4304 419 4353 the
430 4305 507 4355 death
518 4304 548 4354 of
556 4305 625 4354 Wel·
652 4305 728 4366 Angl.
741 4305 810 4354 Sacr.
823 4305 841 4353 i.
849 4307 906 4354 703.

210 4391 290 4439 VOL.
314 4393 351 4440 ll.
940 4395 960 4443 C
