3178 5194
450 527 517 590 420
709 540 845 589 aocuar
869 540 916 587 nn
939 537 1147 586 wnnoovna

292 715 414 756 annia.
454 696 598 761 Thomae
613 696 777 781 martyris
793 697 993 773 offeruntur,
1014 695 1260 760 monachorum
1286 694 1404 758 usibus

452 815 630 874 concessa,
670 803 796 880 quarta
836 796 976 860 fabricis
1024 796 1180 860 ecclesiae
1221 794 1400 877 deputata,

452 903 581 978 quarta
606 897 816 978 pauperibus
839 902 996 976 erogata,
1018 902 1178 977 quartam
1210 895 1403 976 portionem

453 993 558 1059 liceat
575 994 637 1058 tibi
653 996 690 1058 in
704 994 793 1058 alios
812 1014 897 1059 usus
914 996 1023 1060 bonos
1044 1014 1107 1077 pro
1126 1002 1196 1058 tuae
1212 992 1403 1058 voluntatis

453 1095 599 1158 arbitrio
617 1094 785 1176 erogare!

564 1266 652 1346 Quod
665 1264 792 1350 Sybota
807 1266 842 1329 in
856 1266 996 1351 rapinam
1009 1264 1296 1349 Hierosolymorum

845 1374 1018 1430 coronatur.

501 1485 618 1555 Circa¹
636 1490 709 1554 dies
723 1491 822 1567 istos,
838 1488 1039 1554 Baldewino
1054 1509 1162 1572 puero
1177 1507 1258 1570 rege
1275 1485 1401 1551 Hiero·

293 1564 332 1644 qo
391 1613 420 1644 m.
454 1590 667 1672 solymarum
683 1589 857 1666 defuncto,
875 1609 944 1652 non
964 1596 1039 1653 erat
1062 1588 1123 1671 qui
1142 1589 1174 1652 ei
1195 1589 1230 1651 in
1256 1606 1400 1666 regnum

454 1689 667 1764 succederet,
697 1695 824 1770 praeter
852 1688 1029 1771 Sybillam‚
1062 1707 1204 1752 uxorem
1231 1684 1403 1749 Guidonis

454 1788 591 1852 comitis
609 1787 809 1870 Joppensis,
834 1807 913 1869 quae
939 1806 1037 1851 soror
1062 1794 1139 1852 erat
1163 1786 1254 1868 regis
1273 1785 1402 1866 leprosi

456 1893 492 1951 et
514 1888 607 1968 regis
633 1887 731 1970 pueri
755 1906 866 1969 nuper
889 1886 1042 1951 defuncti
1063 1894 1197 1965 mater3
1227 1883 1288 1948 sed
1314 1903 1401 1967 quo·

455 1985 548 2050 niam
575 1993 710 2069 tempus
729 1987 895 2062 instabat,
916 1993 956 2050 ut
975 1992 1107 2068 treugae
1130 1985 1221 2048 inter
1244 1982 1402 2047 Salaadi·

456 2105 538 2149 num
560 2093 596 2150 et
620 2086 785 2168 populum
807 2085 1041 2149 Christianum
1067 2085 1265 2150 constitutae
1290 2082 1404 2152 solve-

455 2193 585 2261 rentur,
610 2185 709 2267 regni
730 2185 882 2267 provisio
898 2185 974 2267 jam
998 2185 1034 2248 in
1056 2191 1154 2248 arcto
1176 2183 1292 2266 posita
1315 2189 1402 2258 erat,

453 2303 518 2348 nee
549 2283 677 2348 differri
707 2285 823 2367 potuit
854 2285 939 2366 quin
975 2283 1017 2348 de
1053 2284 1147 2348 illius
1185 2281 1401 2346 ordinatione

454 2383 547 2447 illico
577 2390 797 2448 tractaretur.
857 2383 1058 2447 convocato
1085 2383 1194 2464 igitur
1222 2399 1402 2464 procerum

455 2482 614 2559 concilio,
634 2483 671 2546 in
690 2483 755 2546 hoc
774 2483 905 2565 pariter
922 2488 1182 2566 consenserunt,
1199 2487 1241 2544 ut
1257 2478 1401 2562 Sybilla,

455 2578 626 2644 Guidouis
640 2602 743 2658 uxor,
757 2588 923 2664 tanquam
939 2581 1050 2644 haeres
1069 2580 1266 2664 justissima
1282 2599 1402 2660 regum

453 2677 697 2764 praedictorum
733 2688 957 2744 coronaretur
986 2681 1022 2743 in
1058 2681 1226 2761 reginam,
1251 2685 1287 2743 et
1312 2676 1400 2741 Gui-

454 2777 590 2854 donem,
616 2779 676 2860 qui
698 2769 807 2859 regno
829 2778 1038 2843 insufficiens
1064 2786 1140 2843 erat
1163 2777 1324 2860 regendo,
1343 2797 1401 2841 so·

454 2875 614 2940 lemniter
643 2876 849 2959 repudiaret.
916 2871 1066 2960 Respuit
1098 2878 1230 2963 Sybilla
1253 2896 1399 2959 regnum

454 2975 521 3038 sibi
542 2976 606 3039 sub
625 2976 689 3039 tali
712 2976 908 3041 conditione
927 2977 1094 3055 oblatum,
1114 2978 1224 3042 donec
1242 2995 1401 3059 proceres

454 3073 490 3136 id
510 3075 718 3156 generalitor
739 3075 791 3139 illi
812 3084 1057 3141 concesserunt
1075 3084 1111 3141 et
1123 3077 1323 3161 juramento
1343 3075 1402 3138 fir·

456 3181 649 3251 moverunt,
671 3182 722 3250 ut,
746 3195 849 3258 quem
872 3177 949 3259 ipsa
971 3176 1133 3240 maritum
1152 3176 1307 3258 eligeret,
1327 3195 1402 3239 om-

455 3293 518 3337 nes
539 3274 607 3356 ipsi
634 3275 725 3338 siout
746 3276 821 3356 regi
843 3277 1043 3356 obedirent3
1071 3274 1189 3340 Guido
1218 3275 1323 3339 ctiam
1347 3274 1401 3337 vir

454 3371 530 3455 ejus
558 3372 762 3455 suppliciter
789 3375 1002 3457 postulabat,
1029 3395 1073 3439 ne
1099 3395 1163 3458 pro
1187 3395 1251 3439 suo
1274 3374 1400 3438 damno

453 3472 551 3552 regni
572 3473 724 3553 provisio
743 3472 947 3539 differretur.
1001 3474 1060 3539 Ita
1086 3474 1224 3539 tandem
1250 3493 1328 3537 oum
1351 3473 1401 3536 la-

453 3569 604 3654 chrymis
635 3571 859 3653 adquiescens
881 3580 1048 3638 coronata
1069 3582 1123 3638 est
1143 3573 1342 3640 solemniter
1363 3573 1400 3635 in

452 3669 619 3750 reginam,
642 3677 677 3735 et
708 3672 859 3735 omnium
891 3672 1104 3750 fidelitatem,
1129 3671 1283 3736 adhibito
1301 3671 1404 3755 jura·.

451 3775 580 3844 mento,
598 3769 771 3851 suscepit;
797 3778 833 3835 et
850 3769 966 3836 Guido
975 3772 1029 3836 vir
1044 3772 1132 3854 ejus,
1149 3771 1224 3836 sine
1241 3790 1302 3855 spe
1317 3791 1400 3834 con·

446 3863 544 3948 jugis
569 3868 739 3950 stregai,
766 3868 811 3932 ad
833 3889 902 3934 ,sua
924 3871 1075 3936 divertit.
1129 3871 1321 3934 Nuntiatur
1346 3871 1401 3933 in-

450 3970 547 4028 terea
556 3964 733 4030 Salaadini
751 3966 886 4032 hostilis
902 3969 1083 4046 adventus,
1095 3969 1269 4054 quodnec
1286 3987 1399 4034 avero

485 4118 911 4207 ¹crmao³aa3³.]rner0110w-
935 4146 1170 4209 winiamoftyre.
1206 4146 1255 4196 See
1267 4146 1402 4210 urenaua,

448 4211 492 4273 ing
514 4217 581 4273 story
601 4213 624 4261 is
645 4215 782 4263 recounted
804 4215 859 4264 also
877 4216 911 4276 by
935 4216 963 4266 ii.
975 4232 1001 4278 p.
1015 4221 1071 4267 ala.

449 4279 582 4344 Horeden‚
594 4281 642 4329 and
660 4282 703 4330 the
718 4285 875 4333 continuator
885 4284 915 4333 oi
