3144 5180
426 588 566 636 rnonns
590 589 862 640 ursroarrnuu.
1050 577 1117 639 345

160 747 277 828 quiin
300 747 366 810 bac
388 753 482 810 terra
503 747 605 810 nudis
628 747 773 831 pedibus
792 749 989 825 ambulasti,
1005 755 1041 812 et
1054 762 1250 812 eosA1>¹¹⁷⁰

162 857 226 926 pro
247 865 303 909 me
330 846 366 908 in
395 847 553 928 patibulo
584 844 694 911 clavis
725 843 885 928 transfigi
913 848 1113 930 permisisti,
1125 812 1237 902 dmm

161 965 227 1024 ego
241 945 405 1028 deinceps
421 945 658 1009 calceamenta
668 945 814 1028 pedibus
831 965 901 1010 non
919 945 1114 1029 apponam?

163 1043 300 1108 Exacto
322 1045 431 1126 igitur
454 1044 745 1127 peregrinationis
769 1047 902 1123 voto,
892 1066 928 1109 m
948 1043 1114 1128 Angliam

161 1143 353 1224 repedavit.

188 1313 280 1386 Quod
292 1311 396 1377 beatae
414 1313 567 1378 Godricas
581 1314 670 1399 apttd
684 1313 838 1378 Fiaclalo
855 1313 952 1378 locum
967 1313 1091 1381 dabita-

388 1414 493 1490 tionis,
507 1414 573 1476 Deo
589 1413 773 1497 inspirante,
790 1413 887 1498 eapti.

224 1535 402 1601 Reversus
419 1543 534 1601 autem
553 1538 589 1599 in
606 1537 862 1619 aquilonalibus
879 1536 1018 1620 Angliae
1032 1557 1112 1621 par-

163 1635 256 1698 tibus
279 1636 394 1700 locnm
419 1637 456 1699 in
478 1636 568 1701 silva
584 1637 720 1700 invenit
737 1644 907 1702 secretum
922 1637 1112 1702 Escbedale

162 1743 413 1817 nuncupatum,
443 1742 479 1799 et
501 1735 592 1798 hunc
615 1737 681 1802 sibi
707 1743 902 1818 competere
918 1737 1111 1820 judicabat.

162 1832 233 1896 Hic
261 1835 304 1897 de
325 1834 432 1916 lignis
468 1835 622 1899 casulam
645 1837 842 1900 construxit
864 1843 899 1898 et
924 1836 1112 1918 cespitibus

161 1952 237 1996 eam
261 1935 364 2011 texit,
386 1935 504 2016 ibique
525 1955 588 2017 per
609 1935 737 1998 annum
766 1942 801 1998 et
820 1953 954 1997 menses
980 1934 1113 2016 aliquot

160 2031 352 2112 habitavit3
376 2033 541 2110 sedeam
558 2034 606 2096 ibi
622 2053 643 2098 a
661 2034 808 2098 dominis
822 2032 919 2096 fundi
934 2033 1111 2098 molestias

160 2133 395 2207 sustinuisset,
410 2133 571 2196 discessit
587 2140 622 2196 et
639 2133 848 2197 Dunelmum
866 2133 1034 2213 pervenit,
1052 2134 1127 2220 ubi¹

161 2231 365 2312 psalterium
392 2251 437 2295 ex
468 2233 603 2312 integro
630 2231 764 2296 discens
789 2237 923 2294 tantum
949 2229 986 2292 in
1015 2232 1111 2295 brevi

162 2329 322 2411 profecit,
339 2331 431 2412 qnod
447 2331 484 2393 in
504 2330 660 2413 psalmis,
682 2331 819 2414 hymnis
842 2337 877 2394 et
896 2330 1110 2394 orationibus

84 2475 87 2480 ,
162 2429 317 2492 eruditus
346 2437 412 2507 est,
447 2437 616 2512 quantum
646 2430 712 2492 sibi
738 2428 892 2493 sufficere
917 2428 1109 2494 videbatur.

163 2527 279 2608 Igitur
293 2527 412 2592 divina
426 2529 660 2593 admonitione
684 2529 871 2610 inspiratus
889 2528 944 2591 die
961 2527 1110 2609 quodam

163 2627 207 2688 ad
231 2625 384 2691 vicinum
407 2647 528 2692 nemus
550 2629 732 2710 processit,
755 2629 814 2691 ubi
836 2628 971 2692 audivit
992 2635 1109 2710 pasto-

162 2744 234 2788 rem
265 2728 438 2808 quendam
472 2728 567 2790 socio
604 2729 654 2790 sic
687 2728 869 2804 dicentem,
893 2727 1046 2791 ‘Eamus
1074 2729 1110 2790 in

163 2824 341 2902 Finchale,
358 2847 481 2908 greges
497 2826 695 2909 adaquare.'
747 2825 837 2890 Haec
854 2826 997 2890 audiens
1013 2825 1109 2890 God-

161 2924 252 2988 ricus
287 2924 381 2988 dedit
409 2926 440 2988 ei
471 2925 582 2989 solum
615 2945 715 3007 quem
747 2924 867 2988 babuit
894 2925 1045 3001 obolum,
1071 2935 1111 2990 ut

162 3022 259 3087 illum
277 3025 419 3088 duceret
435 3024 479 3088 ad
504 3024 595 3087 hunc
617 3024 751 3103 locum3
777 3025 835 3088 ubi
851 3023 895 3087 ad
913 3023 1110 3088 interiorem

163 3122 260 3186 silvae
279 3123 486 3188 densitatem
508 3124 732 3206 progrediens
752 3123 902 3188 occurrit
917 3122 1000 3205 lupo
1015 3125 1110 3188 mi'rae

164 3223 412 3302 magnitudinis
436 3224 606 3300 saevienti,
633 3223 750 3305 quiin
772 3223 869 3286 illum
891 3223 991 3284 irruit
1013 3241 1054 3285 ao
1079 3225 1110 3285 si

163 3321 268 3384 vallet
290 3321 457 3386 dilaniare
476 3321 667 3400 frustatim3
689 3321 863 3386 intellexit
884 3328 1000 3383 autem
1016 3319 1111 3384 God-

163 3419 255 3482 ricus
273 3422 461 3484 versutiam
478 3420 551 3484 sore
571 3420 680 3483 bostis
703 3421 848 3502 antiqui,
868 3419 934 3501 [et]
951 3421 1063 3483 crucis
1078 3421 1111 3486 ei

163 3518 327 3601 opposuit
354 3520 491 3601 signum
518 3520 647 3595 dicens,
670 3518 829 3603 ‘Adjuro
851 3525 886 3581 te
912 3519 949 3581 in
974 3521 1111 3584 nomine

163 3626 294 3682 sanctae
312 3617 508 3695 Trinitatis,
530 3626 570 3682 ut
589 3617 795 3682 festinanter
810 3617 962 3694 recedas,
978 3618 1008 3680 si
1026 3623 1110 3682 ineae

162 3718 341 3781 servitutis
358 3719 571 3800 obsequium,
589 3717 682 3799 quod
701 3719 738 3780 in
761 3717 827 3781 boc
850 3717 928 3780 loco
949 3717 1111 3781 exhibere

44 3887 45 3895 ἵ
164 3816 313 3879 Domino
340 3818 518 3899 proposui,
542 3818 588 3880 sit
613 3824 793 3899 acceptum
807 3817 827 3896 ;’
862 3824 909 3892 et,
926 3816 980 3878 his
997 3816 1110 3894 dictis,

162 3913 236 3981 sera
257 3934 295 3978 se
317 3915 432 3998 impiis
456 3916 600 3998 pedibus
629 3917 829 3998 prostravit,
855 3915 954 3997 quasi
975 3916 1110 3979 veniam

163 4021 374 4096 precaretur.
