3104 5186
451 528 516 594 122
702 541 837 589 sosani
861 541 909 586 nn
932 539 1141 588 wuriuovnn

290 720 413 760 sunan.
451 697 669 781 campestria,
700 715 778 779 quae
812 715 834 760 a
863 695 1005 760 civitate
1038 692 1169 757 distare
1197 693 1405 758 videbantur

289 770 439 860 ilisa
452 799 553 880 quasi
571 796 774 860 milliaribus
795 795 942 868 duobus,
958 792 1227 858 remanentibus
1247 793 1344 856 lituis
1360 812 1404 858 ac

431 899 557 976 tubis,
585 896 808 977 buccinisque
835 892 1143 976 perstrepentibus,
1166 890 1338 972 gradatim
1366 895 1404 956 in

452 997 570 1060 hostes
596 994 800 1076 procedunt,
826 999 873 1069 et,
900 991 992 1055 facto
1019 992 1162 1072 impetu,
1183 997 1254 1054 tres
1281 992 1404 1072 primae

452 1095 544 1159 acics
563 1095 600 1158 in
625 1096 684 1157 eos'
708 1098 869 1173 potenter
891 1091 1043 1166 irruunt,
1066 1089 1196 1153 lanceis
1219 1095 1256 1153 et
1277 1090 1404 1170 gladiis

453 1194 608 1257 cominus
638 1193 839 1268 instantes3
875 1190 937 1253 sed
967 1200 1003 1252 et
1033 1188 1144 1252 nostri
1171 1188 1317 1269 pedites,
1343 1190 1405 1271 qui

453 1293 601 1355 arcubus
619 1291 804 1355 utebantur
818 1296 853 1352 et
869 1288 1017 1363 balistis,
1032 1287 1188 1368 equitum
1207 1287 1405 1370 manipulos

453 1390 699 1473 praecedentes
721 1387 870 1468 [hostes]
887 1405 1004 1450 arcere
1026 1385 1223 1461 studebant,
1239 1404 1327 1467 quos
1351 1405 1406 1450 se-

453 1495 598 1571 quentes
623 1487 777 1568 equitum
799 1496 922 1549 turmae
942 1485 1088 1549 viriliter
1105 1484 1142 1547 in
1167 1503 1279 1565 agone
1300 1485 1404 1548 dosu-

453 1585 549 1650 dant.
589 1585 744 1650 Tandem
761 1604 839 1648 cum
856 1603 974 1648 omnes
990 1583 1158 1664 legiones,
1172 1591 1320 1665 excepta
1339 1603 1404 1648 no·

453 1685 607 1761 sissima,
632 1684 688 1748 cui
714 1690 862 1766 praeerat
883 1682 1121 1758 Boamundus,
1141 1700 1220 1745 cum
1244 1681 1405 1747 hostibus

453 1784 590 1848 sortiter
605 1783 833 1858 decertarent,
847 1783 898 1846 ita
913 1788 966 1859 nt,
976 1781 1052 1864 jam
1069 1781 1225 1862 pluribus
1237 1782 1402 1845 intersec-

455 1884 512 1960 tis,
536 1902 636 1965 paene
661 1882 856 1962 agminibus
885 1881 1062 1944 dissolutis
1086 1878 1192 1942 Turci
1218 1881 1255 1943 in
1282 1879 1404 1961 fugam

454 1989 683 2059 verterentur,
701 2000 779 2044 ecce
797 1980 1030 2053 Solimannus,
1052 1997 1130 2041 cum
1148 1978 1283 2043 duobus
1299 1979 1405 2042 milli·

455 2080 521 2145 bus
539 2100 584 2143 ex
603 2082 688 2144 locis
705 2077 884 2142 maritimis
908 2077 1107 2154 adveniens,
1124 2076 1161 2141 in
1183 2079 1291 2140 aciem
1310 2079 1405 2141 Boa-

456 2179 574 2242 mundi
596 2199 673 2242 cum
686 2179 805 2264 „multo
829 2177 960 2256 impetu
972 2194 997 2260 a
1015 2182 1113 2255 tergo
1135 2175 1247 2251 irruit,
1268 2183 1303 2238 et
1323 2184 1404 2239 tan-

456 2283 527 2339 tam
545 2279 752 2357 sagittarum
768 2273 970 2356 grandinem
983 2273 1136 2350 immisit,
1150 2280 1189 2336 ut
1205 2281 1314 2337 totam
1331 2276 1404 2338 fere

457 2377 565 2440 aciem
592 2375 764 2456 operiret3
792 2391 953 2455 moxque,
976 2373 1124 2436 arcubus
1148 2372 1291 2450 relictis,
1315 2375 1405 2465 mal5

455 2472 519 2538 leis
538 2474 672 2536 instant
691 2480 726 2536 et
743 2471 867 2552 gladiis
883 2473 934 2537 ita
955 2473 1127 2548 ardenter,
1145 2479 1195 2548 ut,
1213 2490 1291 2534 cnm
1311 2473 1405 2536 Boa-

455 2573 604 2635 muudus
639 2590 756 2634 eorum
788 2570 845 2634 vix
887 2571 1052 2652 impetum
1093 2571 1290 2647 sustineret,
1329 2571 1404 2635 dux

457 2669 666 2736 Godefridus
706 2677 742 2734 et
783 2688 861 2732 cum
901 2688 942 2732 eo
979 2668 1181 2733 Tancredua
1223 2669 1404 2747 advolant,

456 2787 602 2851 quorum
627 2769 796 2832 adventus
814 2774 849 2830 ct
871 2767 1073 2831 admiranda
1093 2769 1262 2831 instantia
1283 2788 1405 2832 necem

456 2866 613 2930 hostibus
645 2874 681 2931 et
702 2867 847 2930 vulnera
874 2865 1010 2928 letifera
1035 2866 1237 2930 intulerunt.
1303 2866 1406 2931 Tunc

457 2965 689 3040 Solimannus,
718 2966 762 3028 ad
790 2965 859 3028 alia
890 2984 928 3028 se
952 2973 1156 3029 convertens
1186 2975 1406 3046 argumenta,

456 3064 588 3128 soenum
617 3064 764 3129 multum
782 3072 818 3129 et
837 3063 1013 3146 stipulam,
1036 3082 1114 3146 quae
1136 3064 1181 3127 ad
1208 3071 1318 3128 artem
1341 3084 1405 3129 no·

456 3163 555 3226 cendi
573 3182 617 3226 ex
636 3163 781 3226 adverso
799 3170 1084 3244 congregaverat,
1096 3163 1203 3245 jussit
1219 3164 1404 3242 suecendi3

457 3269 504 3339 et,
520 3261 603 3325 licet
618 3261 791 3328 flammam
807 3261 931 3325 darant
948 3260 1129 3336 modicam,
1146 3267 1272 3324 tetram
1289 3269 1407 3326 tamen
1474 3271 1476 3274 ’

457 3368 563 3443 atque
579 3361 722 3426 densam
741 3359 827 3425 fumi
852 3359 1034 3440 caliginem
1057 3360 1307 3424 ministrarunt.
1361 3361 1408 3425 In

457 3459 522 3524 hac
554 3479 691 3543 quoque
720 3458 805 3522 fumi
832 3459 980 3539 caligine
1011 3457 1128 3522 hostes
1158 3460 1201 3522 de
1231 3459 1406 3541 peditibus

458 3560 585 3624 nostris
617 3556 816 3626 occiderunt
845 3557 1042 3632 nonnullos
1069 3558 1129 3621 sed
1157 3558 1296 3621 taudem
1321 3577 1407 3622 ven-

457 3663 570 3721 torum
594 3657 790 3720 moderator
814 3654 925 3731 Deus,
947 3664 1089 3719 ventum
1111 3657 1148 3720 in
1172 3675 1329 3738 paganos
1351 3677 1407 3721 re-

457 3761 634 3837 torquens,
659 3755 849 3818 excaecavit
875 3773 935 3817 eos
961 3755 1003 3818 de
1029 3754 1123 3819 sumo
1149 3755 1222 3833 illo,
1250 3756 1341 3818 unde
1368 3758 1405 3819 in

455 3853 575 3935 sugam
598 3853 795 3935 praecipites
815 3859 898 3917 sunt
915 3854 1093 3931 conversi3
1117 3871 1205 3936 quos
1231 3856 1406 3935 principes

455 3953 589 4016 militiae
612 3951 743 4015 Christi
767 3952 894 4015 acriter
922 3953 1154 4034 insequentes,
1179 3952 1223 4015 ad
1249 3971 1313 4016 sua
1343 3973 1408 4035 ag-

455 4053 548 4116 mina
580 4052 677 4133 prius
710 4051 880 4114 dissoluta
904 4051 1075 4115 violenter
1102 4070 1277 4116 recurrere
1311 4071 1406 4115 com·

454 4149 628 4232 pulerunt,
645 4151 817 4215 caedentes
837 4169 897 4212 eos
917 4150 1050 4234 absque
1076 4149 1206 4232 pietate
1226 4170 1337 4234 usqua
1361 4151 1406 4214 ad

453 4267 570 4312 eorum
597 4250 760 4325 tentoria,
789 4248 849 4312 ubi
872 4249 1039 4332 majorem
1067 4268 1208 4313 snorum
1231 4249 1408 4314 fortitudi-
