3178 5194
427 531 494 602 432
677 550 811 600 uocum
836 551 883 598 nn
907 551 1116 600 wnunornu

266 715 322 758 Mi·
332 716 389 780 1¹⁸&
428 709 493 774 bus
531 707 669 788 nostris,
701 715 736 774 et
767 707 942 774 residuum
974 729 1094 792 regum
1128 709 1377 775 Saracenorum

428 814 547 872 nostro
568 815 622 872 est
640 809 795 890 imperio.
832 808 924 873 Nam
945 808 975 874 si
997 810 1240 875 mandaremus
1262 811 1378 875 excel-

428 907 629 972 leutissimis
651 909 791 989 regibus
821 907 1085 987 Saracenorum,
1109 929 1179 975 non
1201 909 1380 974 retrahent

428 1025 467 1071 se
489 1027 512 1071 a
532 1008 654 1086 nobis;
681 1014 717 1073 et
743 1007 773 1070 si
802 1024 1096 1073 summoneremus
1114 1007 1308 1091 'Calipham
1335 1009 1378 1072 de

430 1107 574 1185 Baldac,
597 1127 700 1190 quem
721 1106 822 1171 Deus
845 1108 971 1184 salvet,
992 1108 1035 1171 de
1059 1109 1140 1174 sede
1161 1109 1290 1173 excelsi
1313 1109 1378 1171 im·

428 1205 516 1288 perii
542 1207 598 1271 sui
627 1214 830 1288 exsurgeret
851 1214 886 1271 et
908 1206 1042 1272 veniret
1065 1208 1101 1271 in
1126 1205 1295 1272 auxilium
1316 1227 1380 1272 ex-

429 1306 599 1371 cellentiae
622 1314 770 1386 nostrae3
794 1312 829 1370 et
851 1325 914 1369 nos
937 1323 998 1388 per
1018 1307 1184 1372 virtutem
1205 1305 1272 1375 Dei
1290 1308 1379 1371 obti-

429 1406 567 1470 nuimus
592 1405 813 1470 Hierusalem
836 1411 871 1468 et
894 1411 1006 1470 terras
1029 1405 1117 1489 ejus,
1144 1414 1179 1471 et
1201 1413 1380 1471 remanent

430 1504 543 1569 adhuc
569 1505 606 1568 in
632 1505 791 1568 manibus
814 1503 1088 1569 Christianorum
1110 1514 1181 1571 tres
1208 1506 1380 1581 civitates,

429 1603 558 1688 Tyrus,
584 1604 736 1688 Tripolis
757 1611 793 1668 et
808 1601 1008 1682 Antiochia,
1031 1612 1067 1668 et
1084 1605 1127 1668 do
1150 1605 1215 1668 hiis
1235 1624 1304 1669 nou
1324 1613 1379 1668 est

430 1703 524 1768 aliud
539 1701 606 1768 nisi
623 1710 663 1767 ut
678 1703 872 1786 capiantur.
899 1701 1068 1768 Attamen
1083 1703 1114 1767 si
1129 1704 1257 1767 bellum
1269 1703 1378 1769 vultis

430 1809 467 1868 et
486 1803 517 1866 si
537 1801 634 1866 Deus
650 1802 811 1879 voluerit,
831 1809 872 1869 ut
889 1803 935 1867 sit
955 1821 1018 1885 per
1034 1803 1249 1868 voluntatem
1268 1822 1379 1879 suam,

430 1907 467 1968 ct
480 1901 571 1984 quod
582 1909 695 1966 totam
710 1909 837 1966 terram
855 1901 1130 1966 Christianorum
1147 1903 1380 1986 adquiramus

431 2001 646 2066 obviabimus
669 2003 760 2068 sicut
782 2001 947 2083 scriptum
970 2001 1082 2078 estin
1106 2002 1227 2066 charta
1243 2009 1379 2082 vestra3

430 2121 550 2165 verum
570 2100 600 2164 si
622 2119 687 2165 nos
708 2100 751 2164 de
770 2101 861 2164 bono
879 2102 977 2183 pacis
1002 2101 1263 2184 requisiveritis,
1285 2121 1383 2165 man-

431 2199 558 2266 dabitis
593 2200 873 2283 procuratoribus
909 2200 1056 2264 istorum
1090 2201 1195 2266 trium
1227 2201 1380 2266 locorum

430 2299 684 2382 praedictorum,
703 2306 744 2364 ut
764 2319 807 2363 ea
828 2297 927 2363 uobis
944 2299 1020 2363 sine
1040 2299 1312 2365 contradictione
1328 2321 1383 2364 re·-

429 2398 583 2480 signent,
605 2405 640 2464 et
663 2399 762 2464 vobis
785 2405 943 2466 sanctum
968 2417 1105 2464 crucem
1129 2400 1322 2477 reddemus,
1344 2407 1380 2464 et

429 2497 651 2564 liberabimus
668 2509 787 2562 omnes
803 2498 961 2581 captivos
979 2498 1207 2577 Christianos
1223 2500 1282 2583 qui
1299 2507 1381 2564 sunt

430 2596 557 2662 intuta
576 2605 669 2663 terra
688 2605 819 2676 nostra,
837 2605 872 2663 et
890 2597 1128 2682 permittemus
1144 2600 1241 2664 vobis
1264 2599 1308 2662 ad
1327 2618 1381 2662 se·
1475 2583 1479 2598 ⁵

430 2696 611 2777 pulchrum
633 2717 741 2761 unum
763 2697 990 2776 sacerdotem,
1010 2705 1046 2762 et
1068 2699 1248 2763 reddemus
1272 2698 1379 2762 abba·

431 2794 499 2859 tius
527 2815 604 2878 quae
631 2797 791 2861 solebant
821 2815 897 2861 esse
927 2795 963 2860 in
990 2804 1144 2880 tempore
1172 2797 1379 2880 paganismi,

431 2901 468 2957 et
479 2895 608 2959 bonum
621 2896 671 2960 eis
687 2895 864 2972 iaciemus,
881 2902 917 2960 et
933 2897 1169 2978 permittemus
1184 2894 1301 2960 veniro
1318 2916 1380 2978 pe-

431 2995 587 3074 regrinos
606 2995 642 3058 iu
660 3001 736 3058 tota
753 2993 826 3059 vita
845 3002 977 3073 nostra,
996 3002 1032 3059 et
1050 2993 1249 3060 habebimus
1267 2995 1380 3058 vobis-

431 3111 511 3155 cum
532 3111 665 3176 puoem.
717 3092 849 3158 Charta
869 3094 945 3158 haec
966 3095 1099 3177 scripta
1121 3094 1187 3160 fuit
1209 3113 1300 3158 anno
1322 3095 1382 3157 ad-

431 3199 556 3256 ventus
579 3192 757 3276 prophetae
780 3193 890 3258 nostri
911 3191 1095 3258 Mahumet
1110 3193 1381 3277 quinceutesimo

432 3292 667 3374 octuagesimo
682 3299 819 3376 quarto,
837 3292 952 3374 gratia
969 3292 1036 3358 Dei
1051 3291 1183 3358 solius.’

434 3458 525 3532 Quod
536 3459 651 3538 Guido,
665 3480 719 3524 rec
733 3458 1033 3544 Hierosolymorum,
1049 3481 1070 3523 a
1085 3479 1205 3526 carcere
1220 3455 1383 3522 iberatur.

270 3598 411 3648 Thektnror
494 3577 641 3647 Eodem'
671 3602 763 3648 auno
793 3582 921 3660 Guido,
952 3601 1016 3646 rex
1048 3580 1383 3663 Hierosolymorum,

270 3649 389 3688 Jerusalem

270 3698 365 3738 terena
434 3701 512 3746 cum
529 3683 621 3764 apud
638 3683 849 3748 Damascum
865 3702 927 3763 per
942 3701 1070 3745 annum
1086 3681 1245 3746 detentus
1261 3679 1384 3766 suisset

270 3747 411 3798 ‘mmm'
431 3781 469 3844 in
481 3781 642 3859 vinculis,
655 3780 861 3846 Salaadinus
878 3782 942 3846 sub
957 3781 1019 3845 tali
1036 3780 1133 3844 illum
1146 3780 1308 3862 pactione
1325 3779 1384 3841 ab·

433 3879 550 3957 solvit,
568 3887 620 3957 ut,
638 3880 798 3964 abjurato
816 3900 935 3961 regno,
953 3899 1047 3943 mare
1065 3879 1287 3962 quamcitius
1304 3897 1385 3960 pro-

432 3979 584 4061 scriptus
612 3980 800 4058 transiret3
831 3979 921 4043 hauc
951 3979 1144 4061 pactionem
1178 3977 1385 4042 cassandam

433 4077 546 4146 clerus
565 4079 664 4160 regni
683 4078 861 4155 deliberat,
880 4097 943 4144 uec
960 4079 1008 4142 ibi
1029 4078 1129 4141 fidem
1147 4095 1224 4140 esse
1243 4095 1386 4140 servant-

470 4246 688 4314 ¹Eodemuarro.]
713 4251 837 4313 Compare
855 4251 898 4301 the
924 4252 995 4301 Will.
1012 4252 1042 4301 ol
1055 4252 1138 4315 Tyra
1155 4252 1282 4315 Martene,
1292 4267 1318 4301 v.
1335 4249 1384 4300 col.

434 4324 541 4367 account
563 4321 597 4381 by
620 4319 662 4368 the
691 4321 850 4370 continuator
872 4320 901 4370 ol
924 4325 982 4370 611.
