3138 5184
451 543 517 606 198
706 557 841 606 neonus
864 558 911 603 nu
934 556 1142 605 wsunovnu

291 730 414 771 annu
454 711 585 795 aliquid
613 713 659 776 sit
685 731 854 794 personae,
873 711 908 775 id
929 717 994 787 est,
1022 710 1141 789 Pater,
1166 718 1202 775 et
1225 710 1348 788 Filius,
1366 720 1406 775 et

454 811 605 895 Spiritus
636 811 807 891 Sanctus3
839 811 926 892 ipse
950 828 1033 875 vero
1056 818 1127 874 tres
1151 829 1309 893 personae
1334 811 1405 873 tria

455 916 540 976 sunt
561 909 754 974 differentia
781 917 816 974 et
842 927 998 986 numero,
1027 928 1068 972 ac
1094 909 1125 972 si
1149 916 1220 973 tres
1246 908 1406 973 homines

454 1008 706 1072 humanitatem
720 1027 824 1072 unam
840 1027 983 1074 numero
1000 1005 1127 1072 habere
1142 1008 1403 1072 invenirentur:

456 1105 671 1187 Concilium
695 1106 808 1172 ‘Cum
836 1107 879 1169 de
904 1107 1017 1170 tribus
1038 1107 1196 1188 personis
1216 1106 1406 1189 loquimur,

456 1204 575 1283 Patre,
587 1206 689 1282 Filio,
701 1213 736 1270 et
749 1203 880 1288 Spiritu
890 1204 1032 1282 Sancto,
1045 1206 1140 1287 ipsas
1157 1225 1264 1268 unum
1273 1205 1405 1282 Deum,

455 1323 561 1368 unam
568 1303 720 1370 divinam
733 1304 964 1367 substantiam
973 1321 1049 1367 esse
1057 1302 1217 1381 fatemur,
1233 1309 1269 1368 et
1285 1324 1305 1367 e
1319 1323 1408 1367 con-

455 1422 576 1482 verso;
604 1422 681 1466 cum
707 1403 797 1466 enim
820 1403 863 1466 de
885 1421 955 1465 uno
978 1402 1066 1478 Deo,
1090 1421 1160 1465 una
1182 1401 1299 1466 divina
1321 1403 1408 1464 sub-

456 1503 586 1565 stantia
599 1501 783 1583 loquimur,
793 1503 907 1584 ipsum
924 1520 1031 1564 unum
1047 1502 1162 1564 Deum
1179 1508 1215 1564 et
1232 1519 1335 1564 unam
1349 1501 1406 1563 di-

455 1599 573 1662 vinam
583 1600 814 1664 substantiam
825 1619 901 1664 esse
911 1606 983 1663 tres
996 1617 1162 1682 personas
1178 1599 1407 1682 profitemur!

456 1696 575 1761 Tertio
585 1697 675 1762 dixit
684 1696 874 1775 Gilbertus,
889 1699 983 1781 quod
996 1699 1228 1780 proprietates
1239 1709 1408 1780 persona-

456 1815 545 1873 rum,
568 1797 755 1862 relationes
779 1795 939 1880 quaedam
964 1805 1103 1861 aeternae
1128 1798 1211 1873 sint,
1233 1816 1310 1878 quae
1333 1816 1408 1860 non

456 1901 538 1957 sunt
559 1895 651 1977 quod
673 1897 759 1979 ipsae
781 1913 951 1978 personae,
972 1896 1032 1959 sed
1053 1895 1176 1960 divisae
1193 1914 1349 1972 numero,
1366 1904 1407 1960 et

456 1993 568 2058 divisa
585 1995 792 2070 substantia,
812 2001 848 2058 et
865 1993 1017 2059 babeant
1033 2002 1104 2058 tres
1121 1995 1289 2073 unitates;
1306 2000 1341 2057 et
1352 1994 1407 2058 sio

456 2093 566 2156 multa
594 2100 725 2158 aeterna
753 2099 847 2169 sunt,
881 2111 1028 2174 quorum
1057 2092 1192 2156 nullum
1215 2094 1261 2156 sit
1287 2093 1404 2158 Deus:

457 2190 670 2270 Concilium3
693 2189 892 2255 ‘Credimus
914 2190 1026 2254 solum
1048 2191 1162 2254 Deum
1189 2190 1342 2269 Patrem,
1366 2200 1407 2256 et

457 2288 596 2367 Filium,
619 2296 654 2354 et
670 2289 836 2371 Spiritum
850 2289 1015 2352 Sanctum
1031 2296 1198 2353 aeternum
1216 2308 1311 2369 esse;
1339 2310 1408 2355 neo

456 2386 591 2470 aliquas
622 2388 761 2452 omnino
787 2387 855 2464 res,
885 2388 959 2452 sive
989 2387 1188 2466 relationes,
1217 2390 1291 2454 sive
1319 2409 1405 2471 pro·

454 2486 632 2566 prietates,
649 2485 704 2550 vel
722 2483 875 2549 deitates
899 2486 1070 2564 dicantur,
1085 2486 1206 2550 adesse
1219 2485 1305 2564 Deo,
1323 2507 1407 2570 quae

455 2590 537 2646 sunt
566 2585 611 2648 ab
638 2591 779 2661 aeterno,
802 2603 881 2666 quae
905 2604 974 2648 non
997 2586 1069 2650 sint
1094 2586 1215 2649 Deus?
1237 2593 1240 2600 '
1266 2586 1407 2665 Quarto

455 2681 557 2758 dixit,
568 2683 658 2764 quod
673 2682 791 2747 divina
806 2691 932 2748 natura
941 2703 1012 2749 non
1028 2685 1074 2748 sit
1089 2685 1285 2750 incarnata:
1309 2685 1407 2749 Con-

456 2779 591 2860 cilium3
624 2779 826 2846 ‘Credimus
852 2781 964 2864 ipsam
987 2781 1203 2848 divinitatem
1226 2785 1298 2848 sive
1322 2785 1408 2848 sub-

456 2879 621 2943 stantiam
643 2879 808 2957 divinum,
831 2881 904 2946 sive
932 2888 1092 2946 naturam
1120 2870 1272 2948 divinam
1295 2883 1408 2962 dicas,

456 2975 673 3042 incarnatam
689 2997 777 3056 esse,
794 2978 855 3043 sed
870 2979 907 3043 in
922 2979 1035 3043 Filio.'

533 3174 582 3236 Da
590 3173 705 3260 prelio
718 3177 883 3258 eoaqrastri
897 3178 1074 3338 immas
1085 3179 1283 3243 Francorum
1297 3187 1326 3244 et

840 3277 914 3358 Aap
1017 3323 1024 3339 .

292 3408 399 3498 32:233ss
507 3392 636 3457 Eodem
662 3413 752 3458 anno
782 3399 897 3460 actum
924 3405 978 3461 est
1007 3392 1216 3483 ¹campestre
1245 3403 1407 3485 praelium

401 3487 406 3496 '
454 3490 545 3554 inter
571 3492 804 3571 Lodowicum,
825 3514 941 3575 regem
965 3496 1191 3576 Francorum,
1217 3507 1253 3563 et
1270 3501 1406 3565 Henri-

454 3609 544 3666 cum,
572 3611 688 3672 regem
711 3591 918 3673 Anglorum,
942 3595 978 3657 in
1003 3596 1095 3659 hunc
1119 3598 1269 3662 modum.
1322 3599 1408 3665 Rex

454 3696 570 3752 autem
588 3686 812 3767 Francorum,
829 3692 964 3756 duabus
980 3695 1118 3758 aciebus
1141 3696 1317 3774 ordinatis
1341 3720 1410 3781 po·

453 3787 523 3849 suit
546 3788 582 3849 in
607 3789 719 3869 prima
743 3790 816 3852 acie
838 3789 1065 3870 Willelmum,
1083 3794 1190 3857 lilium
1212 3796 1310 3860 ducis
1329 3797 1408 3861 Ro-

490 3990 647 4056 ¹Campestre
657 3991 792 4064 pralium]
809 3997 863 4046 The
874 4013 916 4047 ao·
942 4003 998 4050 380.
1034 4001 1173 4052 Ordericus
1192 4004 1284 4053 Vitalis
1301 4011 1414 4072 asserta,

454 4068 530 4110 count
543 4063 673 4127 following
688 4065 716 4114 oi
734 4067 776 4114 tbe
796 4067 874 4115 battle
891 4067 920 4115 of
941 4070 996 4118 that
1003 4070 1073 4119 there
1080 4087 1148 4121 were
1154 4073 1213 4134 only
1219 4072 1289 4124 three
1299 4075 1411 4139 knights

454 4131 592 4194 Brenville,
605 4149 667 4182 near
680 4135 795 4197 Noyons,
805 4137 828 4186 is
838 4137 917 4185 taken
942 4139 1023 4189 killed
1034 4141 1060 4188 in
1070 4141 1114 4190 the
1124 4145 1216 4194 action.

452 4199 515 4248 from
536 4201 626 4263 Henry
645 4203 674 4252 of
693 4204 872 4268 Huntingdon,
889 4222 915 4267 p.
