3178 5194
388 523 530 574 neonus
553 521 824 572 nrsronrnnuu.
1014 505 1081 572 385

123 695 212 758 quas
239 678 309 760 ipsi
334 678 534 763 frequenter
554 678 745 745 intulerant
767 677 896 742 domini
920 677 1214 742 castello-anna.

123 795 223 856 rum;
247 777 372 844 deinde
391 777 481 844 idern
502 797 579 856 rex,
599 797 661 861 per
681 777 862 842 consilium
885 775 948 840 filii
969 778 1024 840 sni
1044 785 1080 842 et

123 875 377 960 episcoporum,
394 879 578 944 constituit
602 871 611 910 ¹
614 875 829 962 justiciarios
843 895 905 960 per
920 895 984 941 sex
998 895 1078 960 par·

125 981 175 1036 tes
196 976 310 1058 regni,
330 977 367 1042 in
387 978 545 1060 qualibet
563 983 664 1060 parte
683 983 766 1054 tres,
786 976 845 1059 qui
859 975 1080 1059 juraverunt,

124 1075 217 1155 quod
232 1077 375 1142 cuilibet
385 1077 448 1162 jus
464 1096 565 1162 suum
580 1082 828 1142 conservarent
840 1074 999 1140 illaesurn.

153 1245 265 1326 Petra,
281 1247 429 1314 Roorcne
442 1247 522 1314 seclis
534 1247 644 1334 legato,
659 1268 714 1314 rea
723 1245 900 1334 Aaglcncm
914 1255 1047 1334 quotuor

448 1347 589 1434 apina
604 1346 754 1414 concessit.

189 1469 365 1537 Veniente
392 1471 511 1536 eodem
537 1478 693 1554 tempore
723 1470 760 1534 in
782 1468 947 1553 Angliam
974 1470 1080 1537 Petro
1092 1502 1240 1554 mann

129 1566 257 1647 Leone,
283 1569 401 1654 legato
432 1571 524 1636 sedis
550 1570 764 1654 apostolicae,
791 1578 942 1653 quatuor
964 1573 996 1636 ei
1018 1591 1080 1636 rex
1091 1553 1240 1654 wiht.

128 1670 299 1736 concessit
321 1670 486 1754 capitula,
503 1690 582 1753 quae
601 1677 807 1753 sequuntur,
827 1671 863 1733 in
881 1691 989 1752 regno
1007 1668 1081 1736 An·

128 1767 207 1847 gline
224 1770 462 1851 observanda3
480 1770 611 1848 Primo,
625 1769 719 1852 quod
735 1769 881 1834 clericus
896 1769 940 1834 de
955 1777 1081 1836 caetero

128 1885 197 1930 non
221 1869 382 1936 trahatur
403 1877 485 1934 ante
507 1870 660 1954 judicem
683 1869 873 1933 secularem
895 1868 1081 1951 personali·

128 1971 181 2028 ter
211 1968 419 2051 proaliquo
447 1968 590 2033 crimine
615 1968 670 2034 vel
697 1967 985 2050 transgressione,
1011 1967 1079 2032 nisi

128 2083 190 2146 pro
208 2056 340 2134 foresta
359 2075 396 2132 et
414 2069 504 2134 laico
526 2068 640 2144 feodo,
664 2067 755 2132 unde
775 2067 850 2149 regi
866 2066 922 2132 vel
944 2065 1091 2132 allido·

128 2166 222 2230 mino
244 2167 391 2232 seculari
415 2169 543 2233 laicum
567 2167 711 2232 debetur
732 2167 932 2246 servitium
955 2185 1079 2230 secans

128 2261 184 2342 do,
201 2272 243 2329 ut
260 2267 591 2352 archiepiscopatus,
606 2267 839 2350 episcopatus,
857 2265 912 2330 vel
930 2266 1079 2330 abbatiae

129 2379 198 2428 non
225 2371 408 2431 teneantur
428 2368 465 2432 in
490 2387 595 2432 manu
618 2366 710 2448 regis
732 2366 826 2430 ultra
848 2383 989 2443 annum,
1012 2365 1079 2429 nisi

129 2482 192 2544 pro
212 2483 319 2533 causa
340 2467 492 2532 evidenti
511 2467 567 2532 vel
589 2465 797 2531 necessitate
818 2471 985 2545 urgente3
1008 2470 1079 2531 ter«

129 2564 177 2627 tio
194 2566 378 2644 concessit,
395 2574 436 2631 nt
451 2565 691 2633 interfectores
707 2563 910 2629 clericorum
928 2564 1078 2646 convicti

129 2663 184 2728 vel
198 2664 349 2730 confessi
363 2685 480 2730 coram
491 2664 687 2750 justiciario
701 2663 811 2745 regni,
825 2671 996 2746 praesente
1011 2664 1079 2746 epi·

129 2780 247 2846 scopo,
272 2766 480 2847 puniantur;
507 2771 644 2849 quarto,
671 2762 763 2846 quod
788 2763 903 2826 clerici
927 2761 1080 2827 duellum

130 2859 243 2928 facere
258 2883 326 2928 non
340 2872 523 2947 cogantur.
554 2863 686 2929 Eodem
702 2881 795 2927 anno
811 2855 993 2926 'Johanna
1007 2861 1079 2925 filia

131 2963 235 3044 regis,
259 2962 374 3028 Siculo
396 2965 469 3046 regi
491 2962 799 3047 nuptura-quinto
822 2960 900 3025 idus
916 2959 1078 3028 Noveme

129 3059 201 3148 liris
233 3061 323 3144 apud
357 3070 517 3128 sanctum
548 3062 729 3144 AEgidiurn
750 3061 787 3125 in
815 3068 1003 3143 conspectu
1027 3059 1079 3124 vi·

129 3179 248 3224 rorum
267 3160 454 3226 illustrium
477 3162 606 3226 tradita
629 3168 683 3226 est
701 3159 849 3239 marito;
872 3177 942 3241 quo
954 3158 1079 3238 ,utique

130 3265 285 3343 tempore
305 3261 469 3327 universa
488 3259 628 3344 Angliae
645 3260 791 3326 castella
810 3255 953 3324 suntad
970 3256 1080 3337 impe·

129 3359 218 3422 rium
234 3360 327 3442 regis
345 3361 513 3426 custodiae
529 3362 707 3444 deputata.
743 3358 824 3424 Hoc
840 3375 976 3441 quoque
991 3362 1079 3426 tern-¹

128 3477 213 3540 pore
225 3459 434 3540 WillelmuS,
445 3479 560 3526 comes
571 3459 784 3536 Gloverniae,
795 3477 871 3522 cum
888 3457 996 3521 filium
1010 3474 1079 3520 non

129 3557 283 3636 haberet,
299 3578 392 3642 aegre
407 3559 521 3624 ferens
535 3560 774 3624 haereditatem
787 3557 878 3621 inter
890 3556 980 3620 filias
994 3554 1081 3620 divi·

129 3657 289 3735 dandam,
317 3658 513 3724 Johannem
544 3660 733 3724 Sine-terra
760 3656 852 3738 regis
879 3655 989 3720 filium
1013 3656 1082 3720 sibi

128 3752 326 3825 constituit⁸
343 3773 584 3824 successorem.

164 3931 372 3999 womarus]
400 3935 450 3984 For
472 3951 489 3985 a
506 3936 550 3986 list
567 3936 596 3985 oi
651 3933 810 3984 ³Constituit
830 3923 1019 3996 roccam.]
1042 3931 1079 3978 At
1114 3941 1116 3944 ·

129 4004 174 4052 the
189 4003 302 4053 districts
313 4004 364 4053 and
379 4004 422 4053 the
433 4006 530 4068 junges
547 4022 593 4068 ap·
616 3999 1077 4067 WindaorfifithSeptenrbencheto.

129 4073 234 4134 pointed
256 4075 282 4122 in
301 4073 374 4137 each,
393 4089 437 4124 sea
460 4076 593 4138 Hoveden,
617 4074 659 4124 On
681 4073 808 4124 condition
833 4071 888 4120 that
909 4069 941 4121 he
967 4068 1077 4118 married

129 4147 226 4204 p.548.
618 4139 736 4206 Hernica,
768 4142 810 4190 tha
845 4135 919 4190 earl's
953 4142 1082 4202 youngest

164 4207 322 4281 Uulcane]
335 4213 439 4278 Rymer,
449 4214 467 4265 i.
479 4229 505 4277 p.
517 4217 557 4265 42.
618 4213 759 4277 daughter;
772 4211 905 4262 Hovedeu.

179 4365 259 4450 'von
276 4402 315 4452 11.
408 4471 411 4479 ,
871 4379 929 4443 2o
