3138 5184
457 541 522 605 240
714 556 849 602 noenru
874 555 927 601 nu·
944 553 1151 602 wnunovan

293 731 417 773 annm.
458 711 635 777 Galatiam
669 720 705 776 et
730 711 1006 794 Paphlagoniam
1038 718 1073 774 et
1104 690 1287 791 utrumque
1315 709 1417 772 Pon-

457 819 542 889 tum,
575 832 597 875 a
634 812 767 875 dextris
799 817 915 873 autem
949 808 1151 890 Phrygiam,
1186 809 1331 891 Lydiam
1373 815 1415 872 et

455 908 578 975 Asiam
610 912 787 986 minorem,
825 928 886 992 per
919 908 1068 972 mediam
1102 908 1302 990 Bithyniam
1340 907 1414 969 iter

456 1029 576 1091 agens,
602 1009 827 1090 Nicaeamque
859 1027 882 1071 a
908 1007 1043 1070 dextris
1067 1006 1242 1084 deserens,
1271 1007 1415 1090 Lycao-

457 1109 548 1172 niam
565 1108 735 1191 pervenit.
1293 1123 1295 1126 ·

542 1271 591 1352 De
599 1269 777 1355 proditione
790 1270 967 1336 blotande
981 1269 1313 1354 &mamatimpoliloai

828 1369 1035 1453 imperatoris.

292 1497 446 1548 nembrot
487 1486 693 1557 .Soldanus¹
716 1499 830 1556 autem
852 1493 1060 1572 Yconensis,
1084 1493 1204 1557 audito
1227 1500 1410 1557 tantorum

293 1547 388 1588 Mauuel.

454 1592 648 1674 principum
674 1589 839 1668 adventu,
866 1611 887 1654 a
918 1592 1027 1656 multo
1057 1599 1151 1655 retro
1178 1599 1330 1674 tempore
1356 1604 1408 1656 ex

456 1690 586 1754 ultimis
615 1689 758 1754 orientis
789 1689 915 1753 finibus
952 1692 1115 1754 militaria
1149 1699 1409 1756 convocaverat

454 1789 600 1866 auxilia,
629 1796 676 1866 et,
696 1788 867 1870 quomodo
891 1790 935 1852 ab
965 1789 1222 1853 imminentibus
1249 1790 1406 1853 hostium

454 1889 614 1970 periculis
631 1907 668 1951 se
685 1888 796 1970 possit
818 1889 981 1964 eximere,
1003 1909 1122 1953 curam
1143 1889 1406 1971 propensiorem

454 1986 556 2068 gerit.
606 1986 836 2068 congregatis
851 1987 958 2068 igitur
974 1988 1140 2052 militibus
1159 1987 1245 2065 suis,
1267 1989 1309 2051 in.
1324 1987 1407 2050 fini-

453 2087 518 2149 bus
533 2087 718 2170 Lycaoniae
743 2088 981 2168 exspectabat,
1008 2094 1048 2150 ut
1074 2087 1150 2150 loco
1182 2094 1217 2150 et
1246 2087 1405 2169 tempore

453 2184 610 2250 hostibus
638 2185 897 2249 transeuntibus
928 2185 1221 2268 impedimentum,
1249 2205 1292 2248 ne
1319 2206 1407 2266 pro·

453 2285 625 2361 cederent,
651 2289 862 2366 procuraret.
913 2284 1119 2348 Tradiderat
1146 2303 1283 2368 quoque
1305 2284 1404 2348 Con-

453 2383 782 2465 stantinopolitanus
813 2383 1001 2464 imperator
1038 2384 1238 2467 imperatori
1269 2384 1401 2447 Rorna-

452 2503 575 2546 norum
604 2483 671 2545 viae
702 2481 819 2557 duces,
848 2490 991 2565 propter
1013 2482 1166 2548 locorum
1194 2483 1340 2547 abusum
1364 2489 1402 2546 et

451 2580 584 2644 itineris
597 2577 847 2656 difficultatem,
860 2582 919 2662 qni
936 2583 1048 2665 ipsum
1062 2580 1313 2664 praecederent;
1336 2581 1399 2644 sed

451 2679 502 2742 illi
516 2687 683 2744 consueta
698 2677 900 2744 Graecorum
916 2681 970 2743 usi
993 2680 1138 2757 malitia,
1157 2680 1200 2744 de
1220 2681 1398 2756 mandato,

452 2785 490 2842 ut
513 2779 643 2844 dictum
666 2785 732 2854 est,
753 2779 983 2860 imperatoris,
1004 2780 1063 2861 qui
1091 2798 1226 2860 semper
1253 2778 1399 2842 Latino-

450 2896 526 2939 rum
542 2877 758 2940 successibus
774 2876 963 2954 iuvidebat,
977 2884 1156 2959 coeperunt
1167 2897 1212 2941 ex
1226 2877 1399 2942 industria
1426 2895 1433 2908 ·

450 2975 586 3038 trahere
607 2975 761 3056 legiones
783 2995 846 3058 per
866 2975 968 3040 devia
988 2977 1024 3039 in
1047 2977 1170 3058 quibus
1192 2976 1289 3040 locus
1305 2983 1399 3042 esset

449 3073 605 3141 hostibus
636 3073 788 3156 regionis
820 3075 961 3155 ignaros
984 3081 1020 3141 et
1046 3075 1222 3158 simplices
1245 3076 1395 3159 populos

448 3173 677 3254 opprimendi.
728 3172 779 3237 At
802 3173 973 3238 Saldanus
989 3174 1109 3238 videns
1122 3174 1339 3238 Christianos
1354 3175 1394 3238 in

448 3280 599 3354 angusta
626 3271 823 3336 solitudinis
846 3272 924 3337 loca
946 3274 1119 3337 demersos
1142 3273 1242 3337 irruit
1263 3273 1299 3336 in
1323 3293 1398 3350 eos,

448 3371 581 3434 scilicet
611 3390 680 3434 non
706 3372 977 3453 praemeditatos,
1008 3373 1068 3453 qui
1090 3380 1162 3436 tam
1188 3373 1261 3454 ipse
1288 3392 1396 3453 quam

447 3470 502 3533 sui
533 3470 647 3534 acrius
678 3470 849 3534 instantes
873 3471 911 3536 in
936 3471 1033 3554 equis
1053 3472 1240 3546 velocibus,
1266 3471 1395 3552 quibus

446 3570 575 3650 pabula
592 3589 662 3633 non
684 3568 878 3648 defuerant,
901 3571 1080 3635 Romanos
1102 3571 1214 3633 lentos
1234 3575 1270 3632 et
1287 3570 1395 3632 armis

446 3676 603 3745 onustae
633 3687 742 3750 equos
776 3668 943 3734 habentes
975 3670 1140 3752 fatigatos
1175 3674 1211 3730 et
1246 3667 1395 3733 afflictos

371 3817 374 3824 Δ
447 3766 550 3844 fame,
576 3786 640 3830 nec
659 3766 817 3831 hostibus
841 3770 1015 3844 resistere,
1045 3786 1109 3830 nec
1134 3785 1213 3830 cum
1240 3768 1290 3830 eis
1314 3787 1399 3831 con·

445 3865 555 3945 gredi,
572 3866 741 3941 valenteS,
757 3867 916 3932 vicerunt
933 3875 967 3931 et
987 3874 1138 3947 stragem
1160 3885 1206 3928 ex
1224 3865 1274 3929 eis
1292 3867 1397 3930 mise·

445 3963 588 4044 rabilem
605 3964 837 4029 confecerunt.
892 3966 1038 4029 Factum
1056 3971 1110 4027 est
1126 3971 1242 4038 autem
1257 3965 1397 4028 occulto

444 4062 505 4126 sed
516 4063 615 4146 justo
630 4070 748 4126 tamen
763 4064 831 4128 Dei
842 4064 986 4148 judicio,
1003 4064 1095 4146 quod
1110 4064 1152 4127 de
1172 4065 1399 4146 septuaginta

481 4231 648 4298 waldram]
670 4236 723 4285 The
739 4241 794 4291 text
807 4236 906 4286 follows
931 4239 1397 4301 theemperorManue13Villauicasts

443 4302 584 4353 Nicetasin
591 4307 739 4368 attributing
745 4307 786 4354 the
792 4306 910 4355 defectos
932 4309 968 4358 all
984 4310 1026 4358 the
1042 4311 1125 4358 blame
1139 4323 1208 4370 upon
1223 4309 1265 4357 the
1279 4309 1382 4359 Greeks
1387 4324 1396 4372 ;

444 4373 486 4421 the
498 4373 639 4423 Christiane
650 4380 675 4424 to
686 4375 728 4424 the
740 4377 870 4439 treachery
882 4376 911 4426 ol
932 4393 1048 4442 compare
1060 4379 1130 4428 Will.
1141 4379 1201 4439 Tyr.
1211 4393 1237 4439 p.
1246 4382 1304 4430 9⁰2.
