3178 5194
451 531 517 596 406
705 544 839 594 nocnar
863 544 910 592 nn
933 544 1141 593 warnovnn

293 722 416 765 narru-
452 706 577 770 litibus·
595 710 630 768 et
652 702 826 768 hominum
848 699 1000 764 millibus
1020 699 1064 763 ad
1087 717 1241 781 pugnam
1262 696 1407 776 idoneis,

455 805 554 869 ducis
575 802 742 868 Richardi
757 821 826 866 non
843 799 986 883 expavit
1002 798 1206 878 adventum3
1224 799 1297 876 sed,
1313 809 1408 882 post-

457 923 562 988 quam
580 902 652 966 dux
675 904 749 985 ipse
766 900 923 966 leonibus
944 898 1108 963 audacior
1130 899 1306 979 regionem
1328 899 1409 964 bos-

457 1005 566 1069 tiliter
590 1002 761 1078 introivit,
782 1001 916 1064 fructus
941 998 1147 1081 praediorum
1177 996 1339 1088 abduxit,
1360 999 1409 1063 vi·

458 1111 512 1167 tes
536 1100 696 1179 succidit,
718 1101 821 1166 villas
846 1097 1034 1175 succendit,
1058 1097 1173 1161 omnia
1195 1096 1411 1163 demoliendo

459 1201 636 1277 contrivit,
662 1219 770 1284 prope
792 1198 972 1264 castellum
994 1196 1144 1261 tentoria
1169 1195 1261 1274 fixit,
1282 1197 1413 1261 machi-

460 1321 524 1365 nas
546 1319 655 1384 prope
677 1318 812 1364 murum
838 1298 962 1373 erexit,
983 1296 1245 1378 oppidanosque
1271 1296 1321 1360 nil
1341 1297 1412 1361 tale

461 1401 679 1483 suspicantes
707 1397 876 1463 exterruit
899 1395 1130 1461 vehementer.
1173 1395 1325 1460 Inclusis
1349 1415 1413 1460 au-

463 1508 545 1577 tem,
562 1499 645 1581 quia
658 1517 713 1562 res
730 1496 928 1580 ignominiae
943 1496 1047 1582 plena
1058 1494 1253 1573 videbatur,
1270 1501 1324 1559 tot
1340 1496 1414 1559 ela-

462 1605 508 1663 tae
524 1598 662 1675 mentis,
683 1604 737 1661 tot
758 1597 914 1680 probatae
933 1593 1074 1660 virtutis
1086 1593 1211 1657 milites
1224 1595 1317 1658 intra
1338 1614 1414 1658 mn-

463 1716 522 1762 ros
537 1696 612 1761 sine
632 1696 878 1760 reclamatione
895 1694 1013 1759 valida
1028 1692 1261 1776 circumcingi,
1281 1694 1415 1776 placuit

464 1797 506 1861 de
526 1795 670 1861 consilio
687 1795 872 1871 communi,
888 1804 927 1858 ut
946 1783 1041 1858 foras
1061 1800 1279 1874 erumperent
1297 1799 1332 1856 et
1349 1794 1414 1856 im-

464 1900 622 1979 peterent
643 1895 740 1959 ducis
764 1893 956 1958 exercitum
979 1893 1187 1975 improvise;
1217 1892 1310 1975 quod
1334 1912 1413 1956 cum

466 1997 620 2060 animose
650 1995 737 2058 satis
770 1999 1013 2070 attentassent,
1035 1992 1109 2055 dux
1137 2009 1219 2056 suos
1249 1992 1286 2054 in
1311 1993 1417 2056 armis

466 2114 567 2160 ruere
583 2095 713 2171 docuit,
733 2101 769 2158 et
788 2100 974 2157 retrorsum
993 2090 1115 2157 cedere
1134 2091 1301 2174 compulit
1319 2092 1418 2174 oppi-

467 2194 596 2273 danos;
619 2194 680 2257 sed
705 2195 742 2258 in
762 2193 823 2257 illo
845 2199 1024 2274 portarum
1050 2190 1223 2270 ingressu,
1244 2210 1322 2254 cum
1345 2191 1417 2254 dux

467 2295 707 2377 insequeretur
733 2298 834 2374 terga
862 2291 997 2367 dantes,
1019 2289 1059 2353 fit
1086 2290 1312 2370 gravissimus
1337 2290 1418 2355 hinc

468 2393 548 2456 inde
563 2391 756 2469 conflictuS,
770 2392 852 2455 dum
869 2390 930 2468 ibi,
945 2389 1026 2472 quid
1044 2407 1166 2470 equus,
1184 2389 1267 2471 quid
1284 2390 1418 2467 lancea,

469 2491 551 2572 qnid
573 2492 677 2568 ensis,
697 2491 779 2572 quid
800 2507 913 2566 atoue,
935 2488 1018 2570 quid
1038 2488 1151 2569 galea,
1172 2489 1255 2569 quid
1279 2489 1418 2568 balista,

470 2590 553 2672 quid
576 2589 690 2666 umbo,
713 2589 796 2672 quid
823 2587 943 2664 lorica,
966 2587 1049 2670 quid
1076 2586 1191 2664 sudes,
1215 2587 1295 2669 quid
1319 2590 1420 2653 clava

471 2688 684 2752 certantibus
703 2686 1097 2768 conferantexperitur.
1144 2685 1336 2768 Oppidanis
1354 2689 1420 2752 ita-

472 2806 539 2869 que
559 2787 711 2850 assultus
732 2785 829 2851 ducis
849 2787 1034 2850 acerrimos
1056 2785 1149 2850 ultra
1167 2785 1254 2848 ferre
1271 2805 1341 2850 non
1359 2805 1418 2851 va·

471 2885 635 2963 lentibus,
657 2886 717 2949 sed
739 2886 832 2949 intra
853 2885 986 2949 moenia
1007 2903 1046 2949 se
1070 2884 1326 2967 recipientibus,
1346 2885 1421 2949 dux

472 2984 619 3067 impiger
634 2985 791 3049 certatim
809 3004 847 3048 so
864 2985 994 3067 pariter
1009 2984 1102 3048 intra
1119 2984 1236 3048 villam
1252 2984 1423 3050 immiscet

473 3102 551 3147 cum
573 3083 744 3160 hostibus,
766 3089 814 3161 et,
838 3103 917 3148 cum
938 3083 1024 3165 ipsis
1043 3101 1215 3165 nusquam
1236 3082 1334 3147 locus
1360 3104 1422 3167 pa·

474 3189 564 3247 teret
591 3181 736 3265 diffugii,
762 3203 825 3266 per
848 3184 982 3267 plateas
1004 3182 1084 3246 hinc
1105 3183 1186 3246 inde
1207 3183 1422 3260 discurritur,

473 3282 605 3364 rapinis
631 3281 804 3347 insistitur
825 3291 860 3348 et
882 3281 1061 3359 incendiis,
1086 3289 1122 3345 et
1143 3283 1188 3345 ab
1209 3281 1252 3344 iis
1280 3284 1423 3366 oppida-

474 3382 542 3459 nis,
557 3400 644 3464 quos
665 3401 687 3446 a
705 3382 825 3446 mortis
846 3381 1041 3446 discrimine
1063 3381 1147 3445 felix
1165 3380 1304 3444 fortuna
1321 3384 1423 3460 eruit,

474 3481 519 3544 ad
542 3481 723 3545 castellum
748 3481 946 3564 confugitur
971 3481 1184 3563 principale;
1207 3481 1342 3545 castelli
1363 3481 1424 3546 do·

474 3580 588 3644 minus
600 3580 645 3644 ad
660 3579 866 3645 deditionem
882 3580 1111 3662 compellitur,
1125 3580 1231 3643 facies
1247 3599 1422 3645 murorum

474 3679 706 3760 pulcherrima
738 3680 989 3763 complanatur,
1016 3680 1086 3743 alia
1116 3679 1246 3762 passim
1279 3681 1423 3744 castella

473 3778 670 3842 rebellionis
688 3779 826 3843 conscia
843 3798 908 3862 par
923 3777 1014 3844 infra
1029 3797 1182 3842 mensem
1203 3779 1338 3843 subiere
1355 3779 1422 3844 dis-

452 3880 456 3887 '
473 3877 613 3940 crimen.
638 3877 807 3941 Omnibus
825 3878 932 3960 igitur
947 3878 991 3941 ad
1007 3885 1126 3942 votum
1142 3878 1332 3960 completis,
1350 3879 1423 3942 dux

474 3976 714 4042 transfretavit
742 3977 778 4040 in
803 3976 982 4060 Angliam,
1003 3977 1157 4041 maximo
1186 3996 1265 4041 cum
1293 3977 1424 4042 honore

473 4084 632 4158 receptus
648 4095 670 4140 a
687 4083 797 4158 patre.
