3104 5186
447 529 491 596 96
703 544 837 592 uocum
861 545 908 592 ns
931 543 1140 596 wusnovsu

283 711 407 812 qia-⁰2⁹⁰}
447 701 571 780 tiones,
594 701 778 766 ebrietates
801 709 836 766 et
858 704 1140 781 comessationes,
1163 702 1257 766 aleas
1279 709 1315 766 et
1333 701 1399 765 fal-

280 814 432 856 thecruuder·
447 801 540 865 laces
560 802 767 884 jurationes,
796 802 897 865 simul
922 810 958 866 et
985 806 1103 867 omnes
1131 802 1270 866 fraudes
1295 802 1401 865 inter-

447 901 560 964 dicere
589 901 772 978 universis,
805 909 853 978 ut,
884 901 977 966 omni
1008 902 1176 984 spurcitia
1208 902 1399 977 eliminata,

447 999 569 1064 adesse
591 1001 657 1065 sibi
677 1000 827 1065 divinam
851 1001 1118 1066 misericordiam
1138 1000 1313 1065 humiliter
1334 1001 1401 1062 im-

445 1099 634 1181 plorarent.
688 1101 833 1164 Factnm
857 1108 910 1166 cst
937 1107 1066 1178 antem,
1095 1109 1136 1165 ut
1159 1120 1221 1184 per
1248 1099 1399 1182 gratiam

448 1198 515 1263 Dei
542 1199 892 1283 superabundantem,
920 1200 1050 1283 populo
1079 1200 1124 1264 ad
1151 1200 1285 1281 frugem
1315 1199 1400 1262 vitae

447 1298 597 1362 melioris
618 1306 793 1373 revocato,
814 1319 858 1363 ex
878 1306 978 1383 parte
994 1301 1186 1382 quiesceret
1203 1299 1333 1362 saevior
1343 1297 1399 1361 ira

447 1397 537 1462 Dei:
570 1399 801 1480 movebantur·
830 1399 920 1462 enim
951 1417 1057 1481 supra
1090 1399 1228 1463 modum
1257 1418 1301 1462 ex
1329 1397 1398 1460 hoc

445 1497 631 1578 peregrini,
664 1497 755 1580 quod
788 1499 944 1563 sciebant
975 1498 1213 1582 exploratores
1245 1516 1321 1561 esse
1361 1497 1399 1559 in

447 1596 601 1660 exercitu
624 1616 669 1662 ex
692 1597 850 1661 omnibus
876 1597 1018 1662 orientis
1040 1597 1238 1661 nationibus
1262 1597 1298 1660 in
1321 1595 1398 1678 qni-

446 1695 511 1758 bus
533 1696 829 1760 conversabantur
852 1695 1039 1775 increduli;
1063 1697 1144 1760 dum
1159 1696 1398 1778 unusquisque

446 1814 578 1872 eorum,
602 1796 644 1859 de
665 1797 806 1878 proprio
828 1803 923 1860 statu
947 1796 1130 1873 sollicitus,
1153 1796 1241 1860 scire
1256 1795 1398 1858 volebat

447 1893 598 1974 qualiter
626 1914 664 1959 se
691 1902 813 1960 contra
840 1902 973 1959 tantam
1001 1895 1255 1977 expeditionem
1278 1893 1398 1956 defen-

447 1993 526 2056 dere
545 1995 731 2074 valuisset3
756 2014 820 2058 nec
842 1995 931 2058 enim
947 2001 1023 2058 erat
1040 1992 1177 2058 difficile
1201 1992 1400 2076 hujusmodi

446 2092 724 2174 exploratoribus
748 2094 838 2158 inter
859 2101 997 2158 nostros
1022 2095 1142 2171 latere,
1167 2113 1245 2156 cum
1266 2111 1400 2156 merca·

445 2198 538 2255 tores
563 2194 600 2256 in
628 2193 783 2258 exercitu
815 2193 1030 2271 victualium,
1057 2193 1116 2256 alii
1150 2191 1304 2268 Graecos,
1337 2188 1400 2255 alii

445 2290 626 2372 Syrianos,
649 2293 709 2356 alii
725 2291 922 2369 Armenios,
936 2312 974 2357 se
990 2310 1066 2356 esse
1083 2290 1304 2356 affirmarent.
1351 2291 1400 2355 Et

446 2408 524 2453 cum
554 2390 752 2473 hujusmodi
779 2392 1017 2474 exploratores
1039 2391 1162 2456 famem
1186 2391 1400 2455 invalescere

447 2489 549 2550 simul
573 2496 608 2552 et
630 2489 876 2554 mortalitatem
899 2491 1138 2575 conspicerent
1166 2490 1202 2554 in
1228 2490 1398 2566 exercitu,

448 2586 639 2651 timuerunt
664 2590 837 2672 peregrini
860 2591 974 2669 valde,
998 2611 1054 2668 ne,
1080 2591 1110 2654 si
1135 2597 1236 2655 tanta
1255 2589 1398 2652 calami-

447 2693 502 2750 tas
530 2688 621 2751 inter
645 2688 793 2768 gentiles
824 2690 1116 2766 disseminaretur,
1147 2690 1214 2773 ipsi
1240 2688 1397 2752 collectis

445 2786 653 2850 militaribus
676 2788 783 2871 copiis
810 2791 1091 2871 supervenientes
1113 2787 1312 2872 peregrinos
1337 2789 1400 2850 ob-

446 2893 587 2949 ruerent
602 2885 792 2951 universos.
834 2887 990 2971 Cumque
1006 2889 1179 2972 principes
1194 2893 1316 2950 contra
1330 2886 1397 2951 hoc

447 2984 580 3047 nullum
602 2987 796 3067 potuissent
817 2988 1004 3052 remedium
1025 2988 1191 3064 invenire,
1218 2986 1396 3049 Boamun-

446 3081 524 3160 dus,
537 3085 591 3148 vir
607 3086 814 3168 perspicacis
838 3088 978 3169 ingenii,
1001 3089 1092 3152 circa
1114 3087 1261 3170 primum
1283 3087 1397 3149 noctis

446 3184 622 3265 sequentis
638 3186 888 3266 crepusculum,
905 3206 983 3250 cum
1000 3186 1060 3249 alii
1083 3185 1219 3250 sodales
1236 3204 1298 3267 per
1322 3204 1397 3248 cas-

446 3290 501 3346 tra
517 3275 596 3364 ¹pro
613 3291 784 3366 apparatu
802 3305 911 3350 coenae
928 3287 971 3350 de
987 3305 1081 3349 more
1104 3290 1221 3348 essent
1242 3283 1397 3361 solliciti,

445 3381 569 3445 adduci
591 3383 758 3465 praecepit
773 3383 907 3449 'furcos
923 3385 1068 3467 aliquot,
1085 3403 1176 3467 quos
1191 3382 1343 3447 habebat
1360 3385 1397 3446 in

444 3481 605 3558 vinculis,
624 3489 659 3546 ot
675 3483 815 3546 tradens
827 3503 886 3548 eos
902 3484 1119 3548 carnificibus
1137 3481 1280 3547 mandat
1287 3481 1397 3565 jugu-

443 3578 520 3656 lari,
527 3587 574 3657 et,
582 3582 722 3664 copioso
732 3583 812 3663 igne
822 3584 1015 3666 supposito,
1022 3583 1122 3665 quasi
1132 3581 1176 3646 ad
1187 3600 1274 3663 opus
1287 3600 1398 3644 coenae

443 3680 564 3743 assari.
617 3680 732 3744 Jussit
754 3681 857 3745 etiam
880 3683 965 3759 suis,
983 3681 1088 3764 quod,
1107 3681 1137 3744 si
1159 3682 1203 3744 ab
1221 3680 1396 3762 aliquibus

477 3890 486 3922 ¹
499 3895 552 3942 Pro
560 3901 678 3958 apparata
686 3891 780 3964 caeam]
799 3896 906 3944 Malms·
931 3896 974 3946 the
990 3900 1044 3945 text
1056 3894 1158 3944 Gibbon
1173 3896 1230 3952 has,
1245 3893 1323 3943 ‘'l'his
1340 3911 1400 3945 can-
1498 3873 1508 3894 ⁸

441 3963 507 4024 bury
519 3968 606 4025 states,
617 3965 671 4015 that
688 3965 730 4014 the
741 3965 834 4014 famine
850 3980 905 4015 was
930 3967 999 4015 nibal
1027 3966 1134 4027 hunger,
1162 3965 1305 4015 sometimes
1333 3967 1397 4026 real,

441 4047 470 4080 so
488 4045 575 4083 severe
590 4033 646 4083 that
661 4035 756 4083 human
772 4034 834 4083 tleslr
850 4050 905 4083 was
931 4050 999 4084 more
1016 4035 1159 4096 frequently
1175 4050 1208 4084 au
1225 4034 1320 4083 artifice
1337 4049 1366 4082 or
1383 4050 1399 4084 a

440 4102 553 4162 actually
563 4108 652 4162 eaten;
664 4104 727 4153 ‘nec
738 4103 852 4165 defuere,
860 4106 904 4164 qui
929 4104 973 4165 lie,
984 4119 1043 4167 may
1053 4105 1085 4153 be
1101 4104 1181 4153 found
1197 4105 1223 4152 in
1234 4105 1310 4152 Anna
1322 4104 1398 4152 Com·

440 4171 567 4220 cadavera
576 4173 743 4223 cadaveribus
751 4173 905 4235 infarcirent,
930 4190 1004 4238 nena,
1015 4177 1092 4224 Alex.
1104 4175 1123 4224 l.
1135 4191 1161 4225 x.
1174 4189 1201 4235 p.
1210 4172 1281 4234 ass;’
1298 4173 1349 4224 vol.
1361 4174 1399 4223 xi.

440 4239 557 4291 humanis
575 4243 642 4303 pasti
660 4242 797 4296 carnibus!
817 4239 830 4306 ξ
847 4247 903 4292 aba.
929 4260 955 4306 p.
967 4250 1082 4308 55,aote.

441 4311 516 4370 Upon
533 4310 575 4359 the
592 4326 651 4361 ruse
668 4312 697 4360 ol
712 4312 858 4362 Bohemond
877 4313 903 4360 in
