3144 5180
392 529 532 578 neonus
554 529 823 578 ursronmnuu.
1018 513 1084 578 3¹29

138 685 269 763 vicerit,
281 705 344 750 nec
359 686 612 752 verecundatur
627 687 748 750 cedere
760 705 839 750 cum
854 688 1082 768 superaverit.
1097 705 1151 744 no.
1163 707 1218 744 uu.

139 785 346 868 Insipienter
367 793 520 848 attamen
539 787 575 848 in
599 787 745 850 caritate
770 805 838 849 non
856 786 938 849 ficta
957 787 1008 849 sic
1029 787 1083 850 lo·
1095 755 1205 844 {fiilia

138 886 293 967 quimur;
315 884 376 948 sed
398 883 428 947 si
451 884 507 948 hic
529 884 579 947 rei
598 885 676 948 finis
698 885 884 960 exstiterit,
901 893 952 962 ut,
976 887 1082 949 amis·
1095 855 1223 894 ''mm''

136 985 183 1048 sis
199 985 371 1059 omnihus,
386 983 544 1046 dominus
559 982 821 1048 Cantuariensis
837 983 980 1047 exilium
993 984 1080 1067 juge

138 1084 318 1161 sustineat,
340 1090 375 1148 et
391 1083 528 1159 vestris,
553 1083 645 1164 quod
668 1083 772 1161 absit,
795 1083 969 1148 mandatis
991 1083 1081 1148 ulte-

13 1229 14 1242 ,
136 1183 206 1244 rius
223 1180 355 1264 Anglia
371 1201 441 1246 non
461 1181 611 1260 obediat,
633 1181 756 1247 firisset
778 1182 890 1246 satius
910 1184 1082 1265 patienter

138 1280 180 1342 ad
213 1287 350 1363 tempus
378 1280 598 1357 sustinuisse,
625 1299 729 1363 quam
760 1287 860 1345 tanto
887 1283 1082 1347 severitatis
1192 1359 1196 1368 δ

138 1379 210 1443 zelo
239 1379 441 1444 deservisse.
509 1378 601 1457 Quid
621 1380 713 1442 enim
740 1379 771 1443 si
794 1379 911 1462 plures
938 1382 1082 1445 euobis

138 1479 180 1540 ab
211 1478 407 1545 obedientia
435 1484 554 1542 vestra
591 1478 786 1560 persecutio
819 1497 980 1561 separare
1012 1499 1082 1543 non

136 1577 275 1659 poterit,
297 1597 366 1640 non
388 1576 499 1640 deerit
516 1583 632 1641 tamen
654 1577 715 1659 qui
735 1596 851 1659 genua
865 1586 987 1643 curvet
1002 1587 1083 1645 ante

138 1676 239 1752 Baal,
263 1684 299 1739 et
325 1676 371 1740 do
397 1695 502 1740 manu
530 1677 615 1740 idoli
643 1676 787 1759 pallium
820 1675 1084 1752 Cantuaricnse,

138 1795 205 1840 non
229 1773 349 1840 habito
371 1775 547 1857 religionis
570 1776 718 1852 delectu,
737 1777 917 1858 suscipiat,
938 1796 1002 1841 nec
1026 1778 1084 1842 de·

136 1882 238 1938 erunt
252 1875 313 1956 qui
340 1874 439 1939 sedes
459 1883 595 1938 nostras
617 1884 827 1958 occupantes
854 1883 889 1940 et
910 1876 1083 1940 cathedris

137 1973 265 2037 nostris
308 1974 496 2038 insidentes
531 1975 598 2056 ipsi
632 1981 709 2038 tota
739 1974 864 2038 mentis
900 1974 1083 2042 devotione

136 2073 312 2138 obediant.
372 2072 395 2136 J
398 2092 454 2136 am
487 2072 588 2137 multi
617 2075 882 2155 prognosticent
913 2074 957 2138 ad
986 2075 1084 2150 talia,

137 2179 300 2254 optantes
321 2179 361 2237 ut
374 2171 517 2236 veniunt
541 2172 719 2250 scandala,
742 2180 778 2236 et
796 2173 927 2237 directa
949 2191 1083 2254 ponan-

138 2273 246 2335 turin
262 2292 394 2354 prava3
417 2271 520 2348 unde,
537 2279 637 2354 pater
659 2271 887 2349 sanctissime,
912 2291 981 2336 non
1003 2292 1084 2356 pro·

136 2371 213 2452 pria
243 2371 440 2454 plangimus
469 2377 531 2435 aut
552 2372 728 2454 ploramus
754 2371 982 2449 incommode,
1011 2372 1084 2449 sed,

137 2469 204 2532 nisi
220 2469 275 2533 his
289 2471 388 2535 malis
404 2469 549 2534 celerius
567 2471 770 2546 occurratis,
786 2470 915 2534 foedam
930 2471 1084 2534 ecclesiae

138 2568 206 2631 Dei
238 2571 495 2634 subversionem
521 2571 805 2652 pertimescimus,
834 2589 877 2632 ne
902 2570 1017 2647 citius,
1041 2571 1085 2634 ob

137 2669 219 2732 vitae
235 2669 388 2745 taedium,
405 2676 564 2750 optemus
586 2670 729 2752 periisse
751 2668 841 2731 diem
864 2668 899 2731 in
920 2687 989 2750 quo
1011 2670 1086 2733 nati

137 2766 283 2830 sumus?
334 2767 465 2830 Eodem
500 2786 591 2831 anno
623 2768 788 2843 Thomas,
823 2766 1086 2831 cantuariensis

137 2865 429 2948 archiepiscopus,
446 2863 598 2930 Alanum
621 2867 664 2930 de
684 2866 826 2930 Nevilla
849 2867 1085 2929 excommuni-

134 2964 243 3039 cavit,
257 2965 340 3047 quie
354 2964 567 3030 Willelmum
587 2966 803 3048 capellanum
822 2984 922 3028 suum
938 2963 1084 3028 vinculis

137 3065 250 3129 tenuit
265 3065 448 3128 irretitum.
501 3064 632 3127 Eodem
654 3065 775 3147 utique
798 3071 952 3145 tempore
971 3062 1085 3127 Cona-

13 3199 14 3236 ,
135 3183 214 3240 nus,
237 3163 379 3227 minoris
396 3161 588 3226 Britannice
606 3181 732 3240 comes,
748 3163 829 3226 dum
850 3163 887 3224 in
908 3162 981 3224 fata
1003 3181 1085 3225 con-

133 3263 287 3338 cederet,
317 3281 361 3324 ex
389 3281 508 3325 sorore
538 3261 630 3343 regis
657 3262 851 3338 Scotorum,
878 3260 1085 3324 Constantia

136 3360 289 3439 nomine,
306 3361 412 3424 filiam
435 3361 576 3443 reliquit
597 3361 779 3438 haeredem,
802 3379 905 3444 quam
929 3379 991 3422 rex
1009 3357 1085 3423 An·

133 3460 274 3541 glorum
298 3458 473 3523 Henricus
490 3458 660 3523 Geufrido
682 3460 837 3523 filiosuo
859 3477 1003 3522 uxorem
1027 3477 1084 3522 ac·

131 3561 269 3642 cipiens
286 3559 374 3622 etin
396 3577 482 3640 pace
504 3558 690 3623 statuenda
711 3558 840 3641 passim
864 3577 925 3638 per
944 3557 1084 3621 Britan·

135 3659 231 3722 niam
249 3657 426 3721 studiosus
438 3659 605 3735 existens,
615 3658 729 3721 animo
739 3657 868 3721 clerum
878 3662 979 3720 terrae
992 3658 1086 3722 illius

129 3759 202 3825 sibi
218 3757 419 3822 conciliavit
435 3764 471 3823 et
486 3758 663 3842 populum.

186 3929 300 3994 Literu
315 3929 496 3994 Akcondri
507 3952 601 4016 pope
616 3931 769 4016 adrepens
785 3931 959 3994 Henricum
969 3952 1032 4014 pro

210 4045 213 4054 '
370 4030 617 4094 reconciliatione
633 4027 712 4094 beuti
731 4030 860 4094 Tiomae.

186 4149 293 4214 Anno
317 4151 458 4215 Domini
486 4161 644 4217 ucn'xlx.
669 4173 762 4236 papa
784 4152 986 4217 Alexander
1014 4153 1086 4234 regi
1101 4177 1223 4216 1111169,
1322 4165 1324 4170 ·

134 4247 333 4330 Anglorum
368 4270 432 4333 pro
467 4253 607 4332 negotio
639 4251 902 4317 Cantuariensis
933 4253 1087 4318 ecclesiae
1099 4227 1251 4326 111111Ψο
