3144 5180
398 579 537 627 anonas
560 577 830 627 ursrournauu.
1021 561 1088 626 333

36 779 37 796 t
141 735 210 797 sero
228 734 270 797 de
288 753 436 817 persona
455 743 526 813 tua,
544 755 647 818 quam
670 737 700 798 si
723 735 758 798 in
781 748 892 801 meam
911 733 1087 816 propriam
1099 747 1221 838 i'⁰'¹¹⁶⁹'

1117 801 1183 836 attera

36 879 37 908 2
139 852 320 914 personam
350 835 444 899 virus
471 854 572 898 suum
601 834 825 910 evomuisset,
855 840 891 898 et
919 832 997 897 ideo
1024 852 1088 914 pro
1100 847 1210 888 ornent

139 940 232 995 certo
253 934 357 1010 scias,
382 934 475 1015 quod
500 953 566 1016 ego
593 941 890 1015 omnem‘operam
913 932 1004 996 dabo
1028 951 1090 1014 per
1099 898 1141 942 ⁸¹¹⁶
1151 897 1227 936 Μ’·

139 1031 313 1094 domiuum
343 1052 469 1115 papam
502 1041 537 1096 et
566 1052 628 1115 per
661 1051 778 1112 regem
815 1032 1028 1098 Francorum
1053 1037 1090 1093 et

140 1149 199 1210 per
215 1149 334 1216 omnes
357 1131 486 1220 arnicos
501 1150 607 1216 meos,
624 1130 717 1220 quod
738 1131 780 1193 de
797 1137 925 1220 caetero
940 1149 1010 1218 nou
1029 1149 1090 1211 po-

140 1229 220 1290 terit
243 1230 343 1292 nobis
366 1221 429 1293 nec
451 1249 558 1313 regno
580 1239 703 1293 nostro
729 1248 855 1293 nocere
865 1249 877 1309 3-
898 1227 989 1292 unde
1008 1228 1090 1292 -volo

139 1335 174 1390 et
193 1328 351 1404 consulo,
373 1329 463 1411 quod
487 1337 527 1393 tu
547 1329 686 1393 interim
711 1328 808 1392 nullo
831 1328 934 1392 modo
954 1326 990 1390 in
1016 1327 1091 1390 ani·

138 1445 194 1488 mo
210 1433 273 1489 tuo
292 1428 451 1504 turberis,
465 1447 527 1509 pro
544 1437 639 1492 certo
653 1420 835 1504 ¹sciturus,
850 1425 957 1508 quod,
972 1427 1002 1488 si
1020 1424 1092 1489 Ro-

139 1543 230 1587 mam
257 1525 353 1588 adire
377 1524 538 1602 volueris,
563 1525 680 1589 omnia
708 1526 903 1590 necessaria
929 1523 973 1593 ad
999 1525 1091 1589 viam

36 1697 37 1712 ἶ
139 1622 181 1686 de
216 1619 306 1688 mco'
326 1624 390 1689 tibi
419 1623 668 1690 honorabiliter
699 1631 734 1688 et
763 1623 972 1691 sufficienter
996 1623 1092 1688 iuve-

36 1781 37 1790 ,
141 1721 259 1787 uram!

36 2449 37 2472 ι
142 2429 215 2472 cem
230 2411 323 2475 iuter
340 2430 456 2492 regern
473 2410 612 2492 Angliaa
630 2419 665 2477 ct
683 2413 980 2494 archiepiscopum
996 2410 1088 2475 Cau·

36 1933 37 1986 3
143 1894 233 1966 Quod
249 1893 344 1980 lopati
358 1916 379 1958 a
389 1877 480 1980 papa
497 1894 663 1958 narrator
677 1893 840 1978 adpareat
859 1893 1093 1976 rosamundam

187 1993 272 2056 irater
304 2015 401 2078 repara
429 2002 457 2058 at
491 1992 609 2058 beatam
646 1992 805 2070 Tharrana,
840 1991 1092 2064 Ooatuariaasam

187 2091 461 2176 archipiscopum.
1004 2173 1010 2182 ι

190 2206 341 2276 Eodem²
366 2233 457 2279 auno
485 2214 581 2278 missi
605 2224 690 2279 suut
710 2216 779 2278 duo
806 2214 914 2295 legati
937 2231 959 2278 a
980 2213 1089 2279 latere
1102 2233 1226 2283 ranna

1100 2285 1180 2332 legates
1187 2289 1235 2323 sent

141 2312 269 2376 summi
290 2311 476 2394 pontificis,
490 2311 663 2377 Vivianus
685 2321 721 2379 et
744 2313 947 2390 GratianuS,
966 2320 1007 2376 ut
1026 2333 1087 2394 pa·
1100 2333 1253 2422 affin?-

36 2591 37 2598 ἵ
142 2509 351 2574 tuarieusem
368 2509 614 2589 reformarent3
638 2512 699 2574 sed
717 2530 862 2594 quorum
879 2517 955 2574 erat
973 2517 1089 2592 potes-

36 2609 37 2612 ’
142 2614 196 2670 tas
219 2609 379 2690 aequalis,
393 2628 453 2674 eos
472 2610 589 2673 varius
612 2608 834 2692 disjungebat
854 2608 1011 2687 affectus,
1028 2629 1091 2674 nac

143 2705 219 2768 linis
237 2707 354 2788 potuit
368 2707 522 2772 invenire
539 2708 738 2785 concordes,
755 2708 816 2790 qui
831 2708 875 2770 ab
892 2707 991 2772 initio
1007 2715 1092 2772 vota

142 2813 368 2886 susceperant
384 2813 454 2870 tarn
470 2805 628 2886 diversa3
652 2801 730 2871 ³sed
745 2807 836 2870 sicut
851 2825 957 2888 penes
974 2827 1091 2887 regem

144 2901 337 2966 Gratianus
360 2905 508 2984 gratiam
530 2924 599 2969 non
616 2906 760 2981 invenit,
776 2905 826 2968 sic
843 2924 906 2968 nec
924 2905 1016 2986 apud
1034 2921 1090 2967 ar-

142 3001 400 3082 chiepiscopum
412 3000 596 3068 Viviauus.
632 3003 720 3068 Cum
733 3003 840 3084 igitur
850 3002 893 3067 de
904 3021 991 3084 pace
1002 3010 1092 3066 trac·
1132 3061 1135 3066 .

142 3100 252 3163 taturi
273 3099 311 3162 iu
340 3100 556 3165 Normannia
578 3102 670 3183 apud
701 3101 851 3164 Baiocas
873 3119 911 3164 se
941 3099 1034 3181 regis
1057 3111 1093 3165 et

36 3277 37 3286 ἵ
142 3197 394 3280 archiepiscopi
413 3201 655 3281 conspectibus
674 3205 937 3281 praesentarent,
955 3205 990 3260 et
1011 3206 1093 3280 post

141 3303 317 3360 tractatus
345 3298 529 3362 immensos
553 3317 623 3379 pax
648 3317 723 3362 esse
748 3299 785 3361 in
807 3294 926 3381 januis
952 3297 995 3358 ab
1018 3315 1093 3358 oru-

141 3395 244 3458 nibus
263 3395 474 3471 crederetur,
499 3396 617 3460 literas
644 3395 713 3459 illis
737 3396 866 3459 direxit
881 3394 1092 3470 Willelmus,

141 3493 355 3558 Senonensis
378 3494 665 3576 archiepiscopus,
685 3495 722 3557 iu
743 3495 868 3576 quibus
890 3493 1091 3558 contineba-

141 3598 211 3667 tur,
241 3611 287 3654 ne
316 3592 390 3655 sine
411 3593 520 3674 ipsius
543 3591 765 3667 conscientia,
788 3593 878 3655 sicut
900 3611 922 3654 a
952 3591 1092 3656 domino

140 3709 236 3771 papa
257 3691 295 3752 in
319 3690 492 3754 mandatis
518 3697 732 3772 acceperant,
752 3691 787 3752 iu
814 3690 1092 3754 reconciliatione

140 3789 371 3868 procederent
388 3787 556 3852 facienda.
585 3788 644 3852 Sic
662 3789 731 3852 duo
747 3787 868 3870 legati,
885 3787 1014 3852 infecto
1032 3809 1094 3851 ne-

141 3886 252 3966 gotio,
270 3886 400 3967 arogis
417 3887 513 3950 curia
529 3893 766 3962 recesserunt3
794 3886 905 3949 noluit
921 3887 1012 3948 enim
1030 3906 1095 3950 rex

178 4089 187 4123 ¹
200 4087 344 4160 setim]
356 4092 502 4142 ‘Secbrrus'
513 4093 540 4142 iu
551 4092 609 4142 MS.
669 4089 771 4154 ’ΜΗ
787 4091 841 4140 The
857 4091 951 4140 letters,
960 4089 989 4138 of
1004 4090 1098 4140 Viviau

633 4165 660 4209 to
670 4161 714 4209 tbe
722 4175 788 4222 pope
799 4160 850 4208 aud
858 4159 901 4207 the
913 4158 986 4221 king,
996 4160 1026 4225 as
1036 4160 1098 4208 well

178 4225 190 4258 ²
201 4230 295 4278 Eodem
314 4225 386 4278 anuo}
403 4229 415 4291 ]
440 4229 543 4292 Diceto,
561 4231 609 4280 col.
635 4243 664 4277 as
671 4230 726 4277 that
736 4229 765 4277 of
774 4229 904 4278 Becketto
912 4227 1029 4289 Gratinu,
1039 4242 1099 4289 may

144 4302 202 4346 ⁵5⁰.
636 4299 667 4346 be
679 4313 738 4346 seen
749 4299 775 4345 in
786 4297 877 4346 lib.iii.
889 4311 950 4358 epp.
962 4297 1098 4347 lxii-lxiv.
