3144 5180
435 537 501 602 300
694 550 829 599 uocum
853 553 900 598 ou
924 551 1132 600 wuunovun

274 723 396 762 ΗΜ·
438 709 577 774 vadium
605 718 640 775 et
665 710 818 792 plegium
847 709 963 772 standi
988 708 1121 792 judicio
1148 707 1304 772 ecclesiae
1332 706 1396 771 ubi

271 773 426 866 llffillll
437 810 676 875 absolvuntur.

489 909 586 973 Laici
608 929 678 974 non
700 909 827 973 debent
850 906 1019 984 accusari,
1045 907 1112 970 nisi
1134 925 1197 989 per
1218 914 1331 973 certos
1355 913 1392 970 et

436 1007 610 1090 legitimos
630 1016 851 1073 accusatores
872 1016 908 1073 et
929 1015 1038 1071 testes
1060 1007 1096 1070 in
1114 1007 1301 1088 praesentia
1316 1007 1393 1088 epi·

436 1108 546 1190 scopi,
576 1107 628 1176 ita
660 1107 753 1191 quod
785 1106 1048 1171 archidiaconus
1078 1124 1146 1168 uon
1178 1105 1300 1189 perdat
1329 1105 1391 1189 jus

436 1225 539 1278 suum
565 1226 628 1272 uec
655 1209 840 1290 quicquam
862 1206 955 1289 quod
981 1204 1062 1268 inde
1089 1204 1216 1268 habere
1244 1205 1388 1282 debeat3

438 1314 474 1372 et
488 1307 518 1370 si
535 1307 624 1370 tales
640 1306 781 1382 fuerint,
803 1306 864 1388 qui
885 1305 1082 1387 culpantur,
1103 1303 1196 1385 quod
1218 1324 1288 1367 non
1304 1303 1389 1368 velit

438 1405 496 1470 vel
517 1425 587 1469 uon
611 1406 738 1470 audeat
763 1404 888 1486 aliquis
915 1423 1079 1468 accusare
1102 1422 1175 1481 eoa,
1197 1403 1389 1468 vicecomes

438 1504 625 1586 requisitus
660 1505 703 1570 ab
734 1505 899 1586 episcopo
925 1503 1032 1567 faciat
1059 1503 1181 1586 jurare
1209 1502 1389 1566 duodecim

437 1602 569 1686 legales
591 1603 746 1668 homines
772 1603 814 1667 de
843 1603 976 1667 visneto
1001 1603 1077 1666 sive
1098 1601 1142 1664 de
1165 1602 1250 1667 villa
1271 1619 1390 1664 coram

438 1703 613 1786 episcopo,
629 1702 721 1786 quod
737 1703 920 1768 veritatem
937 1701 1125 1768 secuudum
1140 1701 1389 1765 conscientiam

436 1820 538 1874 suam
555 1801 838 1868 manifestabunt.

489 1900 618 1966 Nullus
634 1901 695 1985 qui
712 1901 754 1965 de
769 1920 851 1983 rege
868 1907 963 1964 tenet
979 1901 1016 1963 in
1032 1902 1158 1983 capite,
1175 1919 1242 1964 nec
1263 1898 1389 1982 aliquis

437 2001 687 2070 dominicorum
702 2001 938 2066 ministrorum
955 1999 1042 2084 ejus,
1062 1999 1390 2075 excommunicetur,

439 2119 502 2164 nec
520 2101 668 2186 alicujus
692 2120 811 2164 eorum
831 2107 933 2164 terrae
953 2099 1019 2162 sub
1044 2100 1228 2163 interdicto
1255 2117 1390 2180 ponan-

438 2208 508 2277 tur,
532 2200 599 2266 nisi
621 2201 717 2282 prius
742 2199 901 2263 dominus
928 2218 1003 2275 rex,
1024 2199 1056 2261 si
1079 2199 1116 2261 iu
1139 2218 1247 2280 regno
1273 2196 1390 2274 fuerit,

439 2301 677 2378 conveniatur,
694 2299 751 2366 vel
762 2297 978 2382 justiciarius
996 2297 1084 2380 ejus,
1109 2297 1140 2360 si
1161 2296 1266 2360 fuerit
1286 2304 1390 2362 extra

438 2419 597 2480 reguum,
620 2407 660 2464 ut
679 2406 810 2465 rectum
835 2397 877 2460 dc
895 2415 935 2459 co
957 2395 1088 2475 saciat;
1113 2404 1147 2461 et
1162 2397 1225 2473 ita,
1240 2405 1280 2461 ut
1295 2397 1389 2478 quod

437 2499 624 2580 pertinebit
639 2497 684 2561 ad
695 2498 786 2578 regis
804 2497 934 2562 curiam
951 2495 999 2559 ibi
1010 2495 1223 2572 terminetur,
1237 2503 1274 2559 et
1287 2494 1330 2558 de
1346 2515 1388 2559 eo

437 2596 529 2678 quod
543 2604 678 2679 spectat
692 2597 736 2660 ad
752 2597 882 2660 curiam
899 2594 1169 2659 ecclesiasticam
1186 2596 1230 2659 ad
1246 2594 1389 2672 eandem

437 2696 598 2764 mittatur
614 2703 653 2759 ut
670 2696 795 2760 ibidem
814 2695 1026 2758 terminetur.

489 2795 544 2860 De
557 2795 863 2877 appellationibus,
881 2793 911 2856 si
928 2793 1139 2871 emerserint,
1157 2794 1201 2857 ab
1218 2793 1389 2858 archidia-

435 2913 525 2964 cono
553 2889 696 2959 ¹debent
727 2893 912 2976 procedere
938 2894 982 2956 ad
1010 2893 1222 2976 episcopum,
1249 2894 1292 2957 ab
1315 2894 1388 2974 epi·

438 2989 544 3076 s'copo
569 2995 613 3058 ad
636 2993 945 3075 archiepiscopum,
976 3000 1023 3070 et,
1052 2993 1082 3055 si
1109 2991 1409 3079 archiepiscopus,

438 3091 586 3160 desuerit
605 3094 645 3158 in
665 3092 806 3176 justitia
832 3092 1038 3169 exhibenda,
1063 3090 1109 3154 ad
1134 3091 1311 3155 dominum
1333 3111 1388 3154 re·

438 3211 516 3273 gem
548 3193 816 3275 perveniendum
847 3198 901 3256 cst
932 3198 1119 3273 postremo,
1145 3198 1185 3254 ut
1212 3198 1389 3273 praecepto

437 3291 546 3374 ipsius
568 3293 603 3355 in
624 3293 720 3356 curia
740 3291 989 3373 archiepiscopi
1014 3291 1251 3354 controversia
1272 3291 1391 3354 termi-

438 3399 552 3469 netur,
570 3392 621 3456 ita
644 3392 736 3474 quod
765 3409 835 3454 non
854 3383 973 3454 ²debet
991 3390 1085 3453 ultra
1108 3389 1293 3472 procedere
1309 3391 1401 3472 abs-¹

438 3510 505 3572 que
522 3511 671 3558 assensu
686 3490 817 3556 domini
834 3490 937 3570 regis.

487 3589 524 3653 Si
552 3591 725 3657 calumnia
751 3588 928 3652 emerserit
954 3587 1044 3651 inter
1070 3587 1231 3651 clericum
1260 3594 1295 3652 et
1320 3587 1387 3651 lai·

435 3709 527 3765 cum,
552 3691 607 3754 vel
639 3709 658 3753 c
686 3707 864 3765 converso,
896 3688 938 3752 de
972 3687 1043 3750 ullo
1070 3694 1264 3751 tenemento
1293 3687 1385 3769 quod

436 3788 583 3856 clericus
607 3789 692 3852 velit
715 3788 759 3850 ad
788 3787 1039 3870 eleemosynam
1065 3785 1213 3862 trahere,
1240 3787 1296 3850 vel
1322 3786 1388 3850 lai·

437 3905 497 3950 cus
522 3888 566 3951 ad
592 3886 720 3952 laicum
746 3886 896 3963 feodum,
919 3906 982 3968 per
1007 3885 1277 3966 recognitionem
1302 3885 1388 3950 duo.-

437 3985 548 4052 decim
575 3986 741 4068 legalium
768 3984 944 4049 hominum
967 3985 1075 4069 juxta
1100 3985 1259 4066 capitalis
1280 3984 1389 4069 justi·

436 4085 534 4150 ciarii
558 4087 651 4166 regis
669 4085 979 4150 considerationem
996 4083 1248 4160 terminabitur,
1272 4091 1390 4148 utrum

470 4269 583 4320 'necent
598 4241 745 4336 patema]
770 4272 897 4321 ‘Debebit
960 4268 1056 4319 ‘meoet
1069 4271 1134 4318 uera
1148 4269 1302 4333 procerem]
1319 4237 1394 4318 ‘ne-

433 4341 536 4404 procedi
546 4341 563 4402 ;’
578 4342 658 4392 wilk.
924 4342 982 4389 beat
992 4341 1059 4389 ultra
1070 4340 1173 4401 procedi
1181 4334 1196 4398 ;’
1213 4338 1293 4388 wilk.
