3138 5184
299 521 308 538 ⁶
415 546 555 593 rnonns
578 545 850 595 ursronrnnuu.
1033 533 1099 597 235

152 703 313 784 magister
325 697 552 778 ¹Willelmus,
568 701 884 767 Malmesheriensis
897 703 1098 782 monachus,
1111 726 1165 768 nn.
1178 727 1235 766 rra.
1248 721 1258 754 z

151 801 342 884 Anglorum
358 801 538 864 historiam
554 801 765 866 terminavit.

204 972 297 1047 Quod
309 995 364 1036 reu
381 973 559 1058 Stephanus
565 974 698 1058 frustra
711 972 911 1038 Liecoluiem
927 971 1049 1040 obsedit.

196 1098 303 1162 Anno
324 1100 466 1162 Domini
487 1115 660 1176 ucxnrrr„
681 1098 843 1163 defuncto
862 1119 955 1182 papa
978 1101 1097 1178 Lucio,
1110 1121 1165 1162 nn.
1178 1122 1233 1160 na.

151 1193 346 1278 Eugenius²
363 1198 452 1262 sedit
472 1199 509 1260 in
527 1198 693 1262 cathedra
710 1198 871 1262 Romana
889 1199 989 1263 annis
1006 1208 1098 1278 octo,

150 1298 324 1360 mensibus
344 1303 494 1378 quatuor
510 1304 545 1360 et
560 1297 680 1360 diebus
697 1297 822 1378 viginti
839 1317 919 1361 uno.
965 1297 1097 1362 ¹Eodem
1109 1317 1202 1365 stercor

152 1415 241 1459 anno
265 1415 329 1459 rex
346 1395 541 1476 Anglorum
563 1389 778 1477 ³Stephanus
801 1395 1016 1460 Lincolniam
1039 1367 1205 1460 ob·¹'¹¹¹⁰⁰¹⁰'

152 1495 252 1572 sedit,
269 1502 398 1558 etcum
414 1501 632 1558 construeret
648 1495 870 1576 municipium
889 1502 1012 1559 contra
1025 1515 1100 1560 cas-

152 1593 283 1671 tellum,
315 1593 409 1675 quod
435 1595 577 1657 tenebat
602 1611 718 1657 eomes
746 1591 941 1657 cestrensis
966 1594 1099 1659 Rauol-

151 1692 250 1774 phns,
269 1693 419 1774 operarii
440 1693 515 1776 ejus
538 1691 609 1756 fere
630 1694 811 1774 octoginta
827 1711 849 1756 a
864 1693 990 1756 comite
1011 1713 1098 1776 prae-

152 1791 220 1854 l'ato
239 1791 414 1855 interfecti
438 1798 531 1867 sunt,
548 1797 584 1853 et
598 1793 649 1854 sic
671 1811 708 1854 re
727 1790 929 1874 imperfecta
943 1793 1097 1856 recessit.

153 1886 282 1953 Eodem
306 1909 397 1953 anno
415 1890 592 1953 Robertus
619 1889 807 1967 Marmiun,
824 1889 877 1954 vir
900 1891 1097 1968 bellicosus,

152 1989 209 2070 qni
241 1988 430 2052 monachos
461 1989 715 2052 Coveutrenses
741 2009 763 2054 a
794 2007 858 2052 suo
888 1991 1097 2053 monasterio

152 2089 335 2168 expulerat
356 2095 393 2150 et
419 2086 631 2151 deecclesia
660 2088 722 2150 illa
747 2087 926 2152 castellum
956 2088 1097 2166 fecerat,

152 2186 231 2248 dum
261 2194 384 2250 contra
415 2186 532 2250 hostes
559 2186 764 2264 decertaret,
793 2187 886 2250 iuter
917 2187 1097 2269 praedones

152 2305 231 2349 suos
258 2292 339 2348 ante
362 2286 475 2367 ipsum
501 2287 748 2350 monasterium
770 2286 866 2350 solus
898 2294 1098 2368 peremptus

153 2391 215 2460 est,
231 2391 267 2448 et
284 2385 603 2447 excommunicatus
628 2392 738 2448 morte
754 2385 952 2468 depascitur
974 2385 1097 2467 sempi÷

152 2489 261 2546 terna.
315 2482 446 2546 Eodem
468 2502 551 2556 vero
576 2490 731 2563 tempore
752 2481 954 2561 Gauii-idus,
976 2484 1097 2547 consul

153 2581 194 2642 de
224 2580 454 2657 Mandavilla,
482 2581 541 2663 qui
569 2580 659 2644 idem
690 2582 803 2645 scelus
834 2590 1035 2665 patraverat
1060 2583 1097 2646 in

153 2680 361 2743 monasterio
376 2680 606 2756 Ramesieusi,
623 2686 705 2744 aute
726 2682 837 2762 ipsam
853 2680 1032 2745 ecelesiam
1047 2681 1098 2744 in·
1131 2748 1132 2752 ,

152 2787 204 2842 ter
225 2785 404 2842 consertas
426 2797 568 2841 suorum
592 2778 684 2842 acies
715 2799 737 2842 a
751 2779 866 2861 pedite
883 2780 1033 2860 quodam
1048 2780 1098 2844 vi·

151 2877 282 2940 lissimo
298 2876 392 2941 solus
412 2877 543 2958 sagitta
558 2895 742 2959 percussus
758 2879 921 2942 occubuit
939 2877 1097 2942 iuterfec-

152 2983 230 3055 tus;
254 2976 401 3039 ecclesia
420 2983 536 3040 antem
559 2975 632 3052 illa,
649 2975 730 3039 dum
753 2997 816 3059 pro
839 2977 983 3042 castello
1005 2985 1097 3041 teue-

152 3083 260 3150 retur,
277 3093 300 3136 a
316 3076 388 3138 suis
413 3075 602 3156 parietibus
622 3076 825 3156 sauguinem
849 3076 995 3140 ubertim
1018 3077 1098 3139 erui·

151 3175 209 3250 sit,
226 3173 500 3254 indignationem
520 3173 672 3237 divinam
696 3175 879 3238 manifeste
905 3174 1096 3238 declarans.

149 3271 323 3335 Arnulfus
345 3273 462 3347 etiam,
490 3271 644 3355 ejusdem
663 3273 799 3336 comitis
816 3272 919 3350 tilius,
939 3273 999 3354 qui
1020 3279 1100 3355 post

151 3377 299 3434 mortem
316 3371 426 3451 patris
442 3370 622 3433 ecclesiam
646 3370 742 3434 illam
764 3391 828 3453 pro
845 3371 988 3440 castello
1008 3377 1100 3438 teue-

148 3470 221 3545 hat‚
245 3488 371 3549 araga
399 3476 522 3550 captus
551 3475 605 3532 est
636 3476 671 3532 et
698 3469 905 3548 exsulatus3
939 3469 1099 3552 princeps

150 3586 291 3648 quoque
313 3567 445 3630 militiae
462 3567 538 3650 ejus
561 3569 604 3630 ab
622 3586 712 3648 equo
733 3587 895 3632 corruens
913 3567 991 3631 suso
1008 3588 1100 3631 cere·

149 3668 212 3730 bro
224 3666 430 3748 exspiravit.
463 3663 636 3746 Magister
647 3661 1031 3746 peditum⁴Reiuerius,
1040 3667 1100 3748 qui

184 3824 193 3856 ¹
209 3826 356 3874 Willelmus.
369 3825 381 3886 ]
398 3825 440 3872 He
452 3826 474 3872 is
486 3824 614 3886 generally
639 3827 722 3874 textis
734 3832 847 3887 correct3
864 3827 906 3875 the
914 3827 1012 3875 erroris
1021 3827 1047 3874 in
1057 3826 1100 3874 the

149 3895 278 3956 supposed
289 3899 316 3942 to
333 3893 397 3942 have
408 3893 468 3941 died
484 3895 511 3940 in
524 3893 574 3941 this
586 3908 614 3941 or
638 3910 699 3954 year
709 3896 736 3943 in
747 3895 831 3944 which
841 3895 902 3956 they
913 3910 956 3944 are
967 3895 1078 3944 entered.

148 3963 345 4081 &5⁰9⁰me
372 3975 476 4042 ymn-
489 3962 537 4010 see
561 3963 614 4012 Mr‘
673 4000 834 4066 ⁸Stephuuut
855 4003 1008 4052 Liuecluium
1034 4002 1099 4050 obse-

224 4047 262 4092 ys
272 4031 384 4093 prelace,
394 4045 421 4091 p.
432 4046 486 4080 uu.

184 4099 196 4128 ι
207 4100 373 4163 Eugmiw']
401 4099 444 4148 the
465 4099 554 4156 thim
582 4099 613 4147 he
638 4065 699 4140 att]
721 4073 810 4134 Heury
829 4072 858 4121 os
878 4071 1055 4136 Huntingdon,
1073 4087 1099 4134 p.

150 4171 211 4219 dieu
229 4171 255 4218 in
273 4171 339 4230 July
360 4173 434 4218 uss.
468 4169 507 4217 As
526 4173 552 4216 to
571 4167 614 4216 the
639 4145 697 4191 ³⁹³·

150 4241 209 4289 time
226 4240 255 4288 of
268 4239 420 4300 occupatiou
436 4238 465 4286 ol
477 4239 520 4287 the
537 4237 614 4298 popul
674 4233 837 4284 ⁴Reineuius.
859 4234 871 4298 ]
910 4233 918 4262 ‘
936 4234 1069 4282 Reimarus
1083 4233 1102 4292 ς’

152 4308 222 4358 cheir
238 4311 273 4370 by
289 4309 361 4358 these
377 4308 448 4356 three
460 4320 556 4370 ‚papea
571 4307 614 4356 the
641 4303 785 4364 Huutingd.
1035 4308 1039 4312 '
