3144 5180
387 559 527 610 anonas
550 562 822 612 nrsronmuuu.
1014 547 1081 614 885

125 741 300 806 quamque
328 721 430 786 sumta
456 741 543 786 meaa
573 720 615 786 ei
638 731 765 788 vestrae
795 731 937 804 generet
968 722 1081 788 lassio-
1094 737 1150 779 en
1162 741 1217 780 τιον

126 841 218 899 nem,
244 827 373 886 vestrm
399 821 503 885 mado
526 839 597 886 non
624 821 840 904 incognitum
864 821 1078 904 prudentise;
1093 788 1221 932 ἕξει

126 921 268 985 ridetur
294 919 379 984 mibi
403 920 521 996 etiam,
550 921 643 1002 quod
671 937 727 984 me
753 921 854 1004 quasi
879 921 1080 987 derelictum

126 1019 314 1104 projecerit
351 1020 546 1102 paternitas
578 1026 707 1096 restra,
735 1037 815 1083 cum
850 1019 895 1084 ad
930 1021 1079 1102 ignomi-

126 1119 194 1182 niae
214 1133 303 1182 meae
329 1124 556 1200 augmentum
580 1115 794 1200 flagitiosum
826 1117 862 1182 iu
893 1136 949 1183 me
979 1136 1079 1202 gras·

127 1218 198 1280 sari
218 1216 391 1299 permittit
408 1216 596 1294 inimicum,
616 1233 680 1282 nec
698 1215 854 1299 reprimit
874 1217 1078 1301 iujuriarum

127 1315 382 1380 vehementiam
426 1322 583 1398 paternae
619 1315 842 1380 correctionis
875 1313 1077 1384 moderatio.

129 1415 295 1478 Vestram
316 1413 425 1495 igitur
443 1415 587 1478 obsecro
607 1414 809 1498 suppliciter
830 1421 866 1479 et
886 1413 1023 1499 adjuro,
1040 1425 1079 1482 ut

123 1514 261 1596 justum
285 1520 351 1590 est,
375 1511 626 1590 celsitudinem,
644 1520 696 1591 ut,
718 1529 821 1596 quem
845 1513 916 1578 fibo
933 1514 1078 1592 debetis,

130 1613 244 1694 operis
259 1610 475 1676 exhibitione
489 1613 689 1676 monstretis
706 1611 878 1690 affectum,
893 1620 929 1678 et
944 1613 1078 1678 illatum

129 1709 215 1774 mihi
232 1719 269 1775 et
281 1710 440 1792 personis
456 1707 542 1773 meis
554 1716 590 1774 et
603 1718 705 1775 terrae
720 1730 805 1775 meae
821 1711 983 1796 injuriam
999 1715 1078 1778 abs·

128 1827 197 1891 qne
217 1809 415 1872 tardatione
438 1807 620 1872 emendare
637 1804 837 1891 dignemini,
859 1815 895 1874 et
916 1811 1076 1896 quicquid

128 1907 352 1972 adversarius
368 1925 466 1970 meus
482 1913 604 1971 contra
614 1906 704 1990 juris
720 1908 874 1973 ordinem
889 1917 1011 1976 contra
1024 1930 1077 1976 mo

127 2013 162 2070 et
180 2021 352 2088 personas
374 2005 474 2086 regni
490 2006 568 2082 mai,
585 2005 728 2070 clericos
747 2013 785 2071 et
801 2007 920 2084 laicos,
940 2010 1076 2086 statuit,

127 2105 266 2168 irritum
290 2104 447 2168 babeatis
469 2110 505 2168 et
522 2123 690 2185 vacuum3
724 2105 950 2189 petitionibus
974 2107 1077 2185 euim,

126 2221 216 2286 quas
236 2202 440 2286 paternitati
456 2210 583 2267 vestrae
601 2204 822 2287 porrigimus,
842 2221 1019 2268 assensum
1035 2205 1078 2270 da

122 2299 203 2384 jura
223 2301 379 2385 praebere
399 2301 576 2379 tenemini,
589 2304 741 2368 maxime
756 2321 834 2366 oum
853 2301 1077 2386 petitionibus

87 2445 92 2452 -
129 2401 269 2479 vestris,
288 2419 377 2484 quas
395 2400 480 2464 mihi
501 2401 612 2465 nuntii
631 2401 738 2466 rastri
752 2401 926 2466 Virianus
946 2401 1077 2468 scilicet

128 2506 164 2563 et
174 2499 368 2564 Gratianus
380 2500 632 2582 proponebant,
644 2506 815 2580 qnatenus
829 2517 923 2582 saepe
937 2499 1010 2564 ibto
1024 2517 1078 2565 ar·

128 2599 349 2682 chiepiscopo
364 2597 610 2663 cantuariensi
626 2597 961 2680 archiepiscopatum
978 2617 1077 2662 suum

128 2705 163 2761 et
184 2715 339 2760 amorem
356 2701 512 2760 nostrum
532 2695 763 2772 redderemus,
785 2713 859 2774 nos,
883 2699 1078 2780 postposito

126 2797 261 2860 bonore
288 2801 420 2870 nostro,
442 2793 672 2858 concessimus
698 2811 815 2858 coram
839 2794 925 2878 ipsis
952 2795 1077 2875 legatis

125 2903 163 2958 et
187 2892 269 2958 octo
292 2891 557 2974 archiepiscopis
579 2900 616 2956 et
637 2892 808 2975 episcopis
834 2900 870 2957 et
895 2893 1077 2960 abbatibus

125 2993 261 3069 multis,
281 2992 363 3056 lieet
380 2990 440 3054 ille
457 2992 587 3072 absque
606 2991 818 3056 conscientia
833 2999 953 3057 nostra
970 3000 1007 3057 et
1021 3011 1078 3058 co-

126 3092 269 3156 actione
286 3089 404 3172 alique
418 3109 440 3153 a
455 3108 564 3170 regno
581 3089 717 3167 exierit,
735 3097 775 3154 ut
790 3090 876 3153 bene
893 3097 928 3154 et
941 3091 978 3153 iu
992 3109 1077 3172 pace

126 3189 270 3266 rediret,
285 3188 321 3252 et
336 3205 456 3252 omues
472 3189 707 3270 possessiones
730 3205 812 3252 suas
831 3187 971 3252 baberet
987 3188 1077 3254 sicut

126 3289 252 3352 babuit
273 3286 413 3369 quando
431 3305 453 3350 a
468 3305 575 3367 regno
595 3287 717 3364 exivit,
737 3294 772 3350 et
787 3303 906 3351 omnes
923 3285 982 3369 qni
999 3303 1076 3350 cum
1094 3329 1101 3346 .

125 3407 171 3450 eo
188 3387 246 3450 vel
266 3404 329 3467 pro
347 3403 389 3448 eo
405 3381 586 3461 exierunt,
600 3385 708 3449 salvis
730 3385 956 3466 dignitatibus
980 3386 1077 3466 regni

126 3485 260 3563 nostri3
283 3483 503 3546 serenitatem
524 3482 633 3565 igitur
653 3490 804 3550 vestram
828 3484 955 3548 obnixa
976 3501 1077 3566 rogu-

125 3603 219 3658 mus,
242 3589 415 3663 quatenus
442 3589 575 3647 attente
602 3581 825 3646 consideratis
851 3581 1015 3648 honorem
1042 3589 1078 3648 et

125 3681 328 3756 utilitatem,
351 3698 455 3761 quam
477 3681 576 3744 vobis
598 3669 757 3744 et'curiae
779 3687 905 3746 vestrm
928 3683 1077 3746 contuli·

126 3799 206 3842 mus
224 3785 260 3841 et
279 3779 315 3840 in
332 3777 498 3854 futurum,
516 3778 581 3843 nisi
600 3797 662 3860 per
677 3797 740 3842 vos
762 3780 910 3857 steterit,
926 3781 1076 3844 confere·

126 3897 219 3954 mus,
246 3882 282 3939 et
307 3876 357 3939 sic
379 3895 450 3940 rem
472 3877 561 3941 banc
590 3877 641 3940 ita
670 3885 861 3960 temperare
882 3877 1009 3954 velitis,
1033 3899 1076 3942 ne

127 3976 225 4040 illius
246 3974 369 4056 perfidi
392 3975 577 4056 proditoris
598 3977 708 4039 nostri
733 3975 916 4040 malitiosae
943 3974 1077 4040 blandi·

126 4076 188 4138 tiae
223 4073 480 4163 simplicitatem
516 4078 670 4137 nostram
702 4073 982 4148 circumveniant,
1015 4073 1076 4137 sed

122 4174 232 4256 juxta
258 4171 459 4253 petitionem
488 4179 643 4236 nostram
666 4189 737 4248 eos,
760 4173 819 4254 qui
842 4172 1077 4236 excommuni-

127 4271 197 4333 cati
214 4259 309 4345 sunt,
326 4269 529 4346 absolvatis,
547 4276 593 4346 et,
609 4287 652 4331 ne
668 4269 704 4331 iu
722 4270 808 4334 alios
825 4291 994 4336 venenum
1016 4289 1077 4334 ex·
