3138 5184
451 537 517 600 250
712 549 846 598 noonm
871 550 918 596 nu
941 548 1148 606 wunnovnn

295 741 417 783 annu.
453 706 727 772 benedictionem
742 706 906 788 suscepit.
958 705 1160 786 Supervixit
1178 711 1295 767 autem
1317 723 1407 785 prae-

454 807 616 872 decessor
646 805 722 889 ejus
750 812 831 888 post
861 805 970 886 ipsius
1004 803 1255 885 promotionem
1285 802 1408 866 diebus

455 905 693 981 novendecim,
718 911 754 968 et
780 910 864 966 tunc
889 903 1074 967 defunctus
1105 901 1262 983 sepultus
1289 903 1406 964 estin

455 1005 610 1086 capitulo
634 1004 670 1070 in
696 1003 841 1068 aliorum
868 1003 1033 1066 abbatum
1046 1001 1174 1066 ‚ordine
1196 1009 1406 1065 reverenter.

383 1101 386 1108 “
457 1103 587 1168 Eodem
613 1123 706 1168 anno
728 1102 857 1166 dictum
883 1108 937 1164 est
964 1099 1102 1164 cuidam
1132 1101 1337 1176 insomnis,
1369 1107 1409 1164 ut

456 1221 580 1266 manus
603 1219 685 1266 suas
709 1207 884 1264 truncaret
907 1206 942 1263 et
965 1198 1070 1281 pedes
1088 1205 1124 1262 et
1145 1199 1196 1262 sic
1210 1197 1329 1262 salvus
1347 1199 1409 1262 fie-

458 1308 523 1377 ret,
549 1301 641 1382 quod
669 1319 747 1364 cum
772 1299 912 1364 fecisset
937 1298 1056 1362 statim
1081 1297 1286 1378 exspiravit.
1338 1297 1409 1361 Illo

458 1419 549 1464 anno
578 1400 664 1464 obiit
689 1393 878 1473 ¹Matildis,
907 1415 998 1462 uxor
1024 1397 1115 1478 regis
1143 1395 1323 1478 Stephani,
1350 1395 1409 1460 die

457 1497 664 1562 inventionis
682 1504 813 1560 sauctae
828 1496 951 1560 Crucis
968 1496 1060 1577 apud
1077 1495 1312 1576 Haingeham,
1330 1513 1410 1558 cas-

459 1595 579 1659 tellnm
602 1595 738 1660 comitis
753 1594 905 1658 Alberici
923 1595 970 1664 de,
981 1594 1067 1670 Ver,
1087 1601 1123 1657 et
1142 1594 1178 1656 in
1201 1593 1342 1657 abbatia
1364 1594 1410 1658 de

460 1693 683 1770 Fever‘sham,
694 1709 797 1776 quam
813 1713 877 1758 rex
893 1693 1089 1776 Stephanus
1105 1692 1322 1769 fundaverat,
1339 1700 1412 1756 tra-

460 1793 554 1859 ditur
572 1793 772 1874 sepulturae.
819 1792 949 1857 Eodem
970 1811 1060 1857 anno
1077 1791 1100 1855 J
1103 1791 1270 1868 ohannes,
1286 1810 1410 1856 mona·

460 1892 545 1957 chus
561 1891 752 1973 Sagiensis,
766 1892 879 1956 factus
893 1898 947 1955 est
962 1885 1154 1956 2secundus
1168 1891 1313 1955 antistes
1329 1891 1411 1955 Mo-

460 1992 527 2057 niae
543 1991 680 2068 insulae,
695 2011 774 2074 quae
786 1999 839 2055 est
855 1989 1122 2071 iuterAngliam
1139 1997 1175 2052 et
1189 1989 1411 2068 Hiberniam,

460 2091 687 2174 propinquior
710 2098 826 2153 tamen
851 2089 1011 2170 Angliae3
1046 2089 1136 2152 unde
1163 2096 1199 2152 et
1225 2089 1411 2171 episcopus

459 2189 520 2254 ille
534 2188 794 2272 archiepiscopo
810 2190 967 2273 subjacet
986 2188 1209 2252 Eboracensi.
1270 2187 1412 2252 Primus

367 2345 368 2350 ,
460 2295 578 2364 autem
597 2288 646 2354 ibi
663 2289 777 2352 fuerat
791 2289 973 2370 episcopus
983 2286 1204 2364 Wimundus,
1220 2287 1413 2352 monachus

461 2387 686 2464 Saviniensis,
703 2387 764 2452 sed
780 2394 920 2469 propter
936 2387 1011 2470 ejus
1025 2386 1322 2467 importunitatem
1339 2388 1410 2469 pri-

461 2494 565 2550 vatus
582 2485 650 2550 luit
669 2486 778 2550 oculis
798 2493 833 2549 et
848 2486 1026 2568 expulsus.
1079 2484 1210 2549 Eodem
1221 2504 1312 2548 anno
1323 2487 1413 2551 obiit

461 2584 672 2660 willelmus,
686 2585 869 2666 episcopus
886 2584 1141 2648 Dunelmensis.
1173 2583 1304 2648 Eodem
1319 2604 1413 2650 anno

462 2677 671 2748 Gaufridus⁸
689 2681 868 2748 Arthurus
889 2683 1003 2747 factus
1024 2690 1078 2746 est
1097 2681 1281 2766 episcopus
1298 2686 1414 2749 sancti

461 2779 584 2862 Asaph
603 2781 640 2844 in
658 2782 864 2860 Norwallia,
886 2783 946 2864 qni
965 2782 1143 2847 historiam
1167 2783 1349 2847 Britonum
1367 2784 1414 2849 de

461 2879 582 2960 lingua
606 2879 810 2945 Britannica
831 2882 1011 2946 transtulit
1030 2881 1068 2944 in
1086 2880 1260 2946 Latinam.
1311 2876 1414 2960 *Quo

461 2979 565 3042 etiam
589 2997 681 3044 anno
696 2979 734 3044 in
751 2980 904 3062 capitulo
919 2980 1142 3046 cisterciensi
1158 2988 1327 3045 statutum
1343 2989 1413 3060 est,

462 3097 505 3143 ne
528 3077 571 3144 de
595 3086 721 3145 caetero
747 3079 855 3162 aliqui
886 3099 1014 3143 novam
1041 3086 1280 3144 construerent
1306 3081 1416 3145 abha-

462 3177 560 3254 tiam,
590 3178 673 3260 quia
705 3198 869 3243 numerus
901 3179 1117 3244 abbatiarum
1148 3179 1242 3242 illius
1280 3179 1416 3245 ordinis

462 3295 573 3358 usque
584 3277 851 3359 ad.quingentas
865 3278 1032 3354 excrevit.
1053 3277 1086 3341 ,J
1089 3277 1242 3342 ohannes
1252 3273 1416 3362 ⁵Papiro,

463 3376 661 3453 cardinalis,
677 3375 852 3458 legatione
866 3377 1062 3458 fungensin
1077 3377 1250 3441 Hibernia
1263 3387 1418 3459 quatuor

462 3475 510 3540 ibi
537 3475 717 3543 constituit
736 3476 1036 3558 archiepiscopos;
1063 3478 1136 3559 qui,
1156 3476 1236 3540 dum
1256 3496 1318 3559 per
1337 3477 1418 3541 An.

500 3705 653 3772 'Motildr's.]
670 3711 720 3759 She
737 3711 807 3772 died,
824 3709 927 3761 accord·
986 3707 1141 3771 'Gnusridas
1157 3709 1312 3774 Arthurus]
1337 3711 1422 3762 (leos-

463 3778 507 3840 ing
523 3783 549 3826 to
560 3777 683 3834 Gervase.
700 3796 732 3830 on
748 3781 790 3830 the
807 3781 851 3830 oth
864 3781 926 3842 May
952 3781 1007 3842 lrey
1017 3781 1046 3830 oi
1055 3779 1212 3841 Moumouth,
1222 3780 1265 3830 the
1276 3781 1418 3843 historiam

465 3851 542 3908 1152;
571 3849 620 3898 col.
643 3852 717 3899 leta.
769 3850 929 3912 Hagusteldt
952 3851 993 3899 the
1008 3852 1068 3900 time
1086 3849 1115 3898 of
1131 3849 1172 3900 his
1189 3849 1265 3898 death
1284 3850 1307 3900 is
1325 3866 1419 3900 uncer·

463 3918 549 3978 places
560 3916 606 3966 her
616 3917 693 3966 death
704 3920 730 3966 in
745 3919 787 3967 the
804 3935 866 3980 year
881 3920 927 3968 fol·
951 3921 1011 3968 talu.

463 3983 566 4047 loning.
987 3987 1059 4042 ‘Quo
1080 3987 1155 4038 etiem
1171 3989 1261 4051 euna]
1290 3989 1420 4051 Compare

504 4053 647 4104 ’Secundae
668 4051 804 4126 antistes]
834 4056 927 4106 Chron.
952 4058 1013 4108 Rec.
1024 4057 1070 4106 des
1082 4057 1152 4108 Hist.
1162 4059 1218 4108 xiii.
1230 4062 1288 4120 295,
1298 4062 1362 4108 note.

465 4123 587 4174 Norman.
609 4140 635 4186 p.
655 4129 713 4175 986.
753 4127 795 4174 He
814 4141 868 4174 was
885 4125 927 4174 the
994 4123 1127 4190 ⁶Pnpirc.]
1152 4127 1422 4190 Peperonue,orPa-

463 4193 557 4242 second
567 4194 658 4255 bishop
669 4195 734 4243 aster
750 4195 792 4244 the
810 4197 886 4244 union
902 4195 931 4244 of
951 4197 1043 4258 pyri03
1072 4210 1114 4244 see
1136 4196 1212 4259 Pagi,
1231 4197 1264 4245 ad
1282 4212 1324 4246 an.
1342 4201 1422 4261 1151,

463 4261 505 4310 the
518 4277 560 4312 see
572 4263 634 4312 with
646 4264 734 4313 Sodor.
952 4266 1020 4326 §vii
