3104 5186
397 571 536 621 rnorns
558 571 830 623 ursroursnou.
1025 557 1090 622 107

142 741 178 796 ut
198 732 332 796 civibus
349 731 577 797 Antiochenis
594 730 786 795 subsidium
805 729 930 795 serant.
982 729 1091 796 Vide-

143 839 197 895 tur
209 828 305 908 mihi,
324 827 418 913 quod
434 829 557 894 adhoc
572 830 711 894 deberet
728 831 840 894 omnis
855 837 977 894 nostre
993 829 1089 895 festi·

144 949 220 994 nare
233 931 398 1008 intentio,
414 936 454 994 ut
470 936 551 993 ente
566 929 670 1014 hujus
686 929 875 993 adventum
898 930 1091 994 multitudi-

144 1031 193 1094 nis
214 1031 342 1094 civitas
366 1030 404 1093 in
433 1035 589 1094 nostram
620 1027 847 1093 descenderet
868 1034 1090 1112 potestatem.

146 1128 241 1206 Quod
260 1131 293 1193 si
310 1125 452 1193 modum
475 1129 643 1209 quaeritis,
665 1146 735 1211 quo
755 1127 792 1192 id
816 1126 954 1192 effectui
976 1127 1094 1193 valeat

145 1228 347 1312 mancipari,
368 1229 406 1291 in
428 1234 591 1310 promptu
613 1234 668 1291 est
687 1228 790 1292 nobis
805 1227 876 1305 vie,
898 1245 969 1309 que
991 1225 1093 1292 facile

147 1327 187 1390 ed
207 1328 313 1391 finem
336 1327 578 1410 perveniamus
600 1333 782 1409 optetum3
813 1325 926 1390 babeo
948 1326 1039 1390 enim
1058 1326 1094 1389 in

146 1427 283 1492 civitate
299 1427 448 1491 amicum
468 1425 615 1504 fidelem,
633 1426 693 1508 qui
709 1425 830 1491 turrim
852 1425 958 1490 hebet
973 1425 1010 1488 iu
1029 1441 1095 1490 sua

147 1533 317 1608 potestate
339 1525 583 1603 firmissimam,
605 1543 710 1608 quum
732 1525 837 1590 certis
858 1525 1095 1609 promissioni·

148 1627 218 1704 bns,
235 1627 268 1689 si
291 1625 390 1689 illam
414 1626 458 1688 eb
474 1643 515 1689 eo
536 1643 699 1707 exegero,
716 1624 784 1688 fide
800 1625 974 1690 mediante
989 1623 1095 1706 resig-

148 1745 225 1788 nare
246 1731 399 1788 tenetur.
451 1721 490 1786 Si
511 1743 594 1806 ergo
611 1723 710 1788 vobis
731 1723 767 1788 id
789 1723 875 1796 utile
889 1723 1038 1802 ridetur,
1057 1731 1098 1788 ut

149 1824 269 1889 civitas
287 1841 366 1887 mee
381 1822 613 1887 sollicitudine
629 1823 816 1907 subjugate
831 1823 867 1887 in
885 1840 997 1887 meam
1019 1841 1096 1905 per-

148 1923 336 2005 petualiter·
357 1929 394 1987 et
417 1939 655 1987 successorum
675 1939 830 1987 meorum
854 1928 1011 1987 transeat
1034 1939 1098 2004 po-

150 2029 327 2098 testatem,
344 2027 488 2104 paratus
510 2041 587 2085 sum
610 2028 714 2104 pecte
736 2020 930 2106 complere3
961 2021 1016 2084 sin
1038 2038 1100 2085 ou-

151 2129 217 2185 tem
245 2121 405 2184 elaboret
428 2128 581 2185 vestrum
608 2120 734 2202 uliquis
760 2121 805 2184 ed
834 2122 948 2204 ipsum
973 2119 1101 2197 facero,

151 2239 213 2302 ego
234 2220 289 2285 ilii
312 2234 426 2283 meam
449 2220 600 2285 concedo
625 2227 761 2303 partem
787 2227 824 2285 et
846 2219 1008 2284 renuntio
1027 2218 1100 2303 juri

152 2315 250 2384 meod

266 2445 317 2508 De
333 2443 472 2528 ceptione
483 2441 655 2507 Antiochen
669 2451 697 2506 et
710 2441 817 2528 spoliis
829 2443 978 2508 deitatis.

200 2559 270 2625 His
299 2559 352 2623 ita
379 2554 493 2636 dictis,
521 2559 634 2640 gavisi
665 2565 749 2622 sunt
772 2559 946 2643 principes
971 2557 1100 2643 gaudio

153 2678 291 2741 magno,
301 2663 337 2724 et
350 2658 511 2740 petitioni
521 2657 623 2722 sactae
638 2677 768 2735 omnes,
782 2650 927 2742 ¹praeter
940 2662 1102 2725 comitem

153 2757 403 2835 Tholosanum,
427 2761 529 2840 grato
557 2764 801 2823 concurrentes
829 2778 985 2838 assensu,
1011 2758 1102 2826 datis

154 2855 298 2935 dextris,
321 2857 639 2939 compromiserunt,
662 2857 755 2940 quod
772 2858 838 2921 sibi
854 2857 1022 2923 creditum
1045 2880 1102 2924 ne-

154 2956 235 3020 mini
268 2952 464 3021 revelarent
491 2975 681 3036 arcanum
715 2955 957 3022 Boemundum
987 2967 1103 3024 autern

155 3055 323 3120 attentius
347 3061 500 3133 mouent,
516 3061 687 3139 quatenus
707 3056 751 3119 ed
768 3057 818 3120 rei
835 3059 1103 3124 consummatio·

156 3176 231 3219 uem
254 3153 387 3220 viribus
412 3154 495 3218 totis
522 3151 691 3219 intendat.
744 3153 867 3220 Soluto
891 3155 999 3238 igitur
1021 3151 1103 3224 cou4

156 3263 274 3333 ventu,
304 3254 541 3331 Boamundus‚
572 3253 787 3336 propositum
820 3275 959 3338 urgens,
992 3258 1103 3324 emico

155 3353 377 3436 significavit,
395 3353 487 3435 quod
505 3352 596 3436 apud
611 3352 784 3436 principes
799 3374 861 3437 pro
879 3361 962 3420 voto
980 3363 1105 3420 cuncta

156 3453 414 3536 impetraverat,
431 3451 521 3516 uude
543 3451 723 3535 perfidem
746 3451 895 3517 amicum
916 3454 1044 3518 invitat
1065 3462 1106 3518 ut

158 3560 259 3617 nocte
276 3551 437 3635 proxima
457 3558 623 3633 sequente
645 3570 700 3615 res
718 3549 855 3615 effectui
878 3553 1104 3636 mancipetur.

159 3649 301 3734 Emyfer
316 3671 335 3714 e
349 3649 521 3714 contrario
532 3648 736 3714 Boamundo
750 3649 946 3729 denuntiat,
959 3659 999 3716 ut
1015 3651 1106 3716 circe

159 3749 278 3814 horam
303 3768 430 3813 nouam
451 3749 624 3833 principes
639 3769 757 3813 omnes
775 3747 1010 3830 egrediantur,
1027 3759 1106 3816 ten·

162 3869 264 3930 quem
289 3848 447 3913 hostibus
470 3847 608 3914 obviam
630 3848 818 3931 profecturi
843 3849 886 3913 de
910 3849 1047 3928 castris
1073 3858 1109 3936 et

162 3949 252 4012 circa
278 3947 425 4031 primam
452 3949 562 4013 noctis
583 3947 740 4031 vigiliam
768 3947 804 4012 in
831 3947 969 4014 silentio
994 3969 1108 4013 rever-

164 4051 274 4113 tentes
294 4047 408 4130 pareti
432 4046 502 4111 sint
523 4047 610 4112 bore
633 4049 745 4112 noctis
771 4050 884 4113 media
906 4046 1013 4133 juxta
1032 4049 1110 4134 ejus

166 4149 296 4210 monita
312 4167 350 4210 se
367 4146 506 4211 babere.
548 4146 651 4225 Quod
665 4167 744 4211 cum
758 4147 809 4211 ite
824 4148 955 4212 factum
973 4149 1108 4224 fuisset,

200 4295 310 4346 ¹Praeter
317 4298 427 4347 comitem
441 4299 628 4362 mimorum]
656 4299 711 4347 that
727 4299 769 4347 the
780 4299 934 4360 proposition
945 4313 999 4348 wes
1010 4297 1112 4348 refused

167 4366 268 4416 Bridric
292 4369 343 4417 und
365 4368 521 4418 Tudebodus
551 4374 632 4418 essert
657 4368 949 4430 bye113pp.109,792.

1102 751 1159 793 Μ).
1169 753 1227 794 im

1102 803 1252 894 mii...

1113 2587 1181 2628 Tutin
1204 2588 1227 2628 oi

1113 2639 1190 2679 Audon
1206 2666 1211 2677 .
