3178 5194
430 557 569 606 neonus
590 556 860 605 msronrnnuu.
1054 538 1119 602 405

161 717 262 780 casio
284 714 476 792 discordiae,
500 715 731 778 concessimus
757 715 801 778 ad
826 715 987 791 invicem,
1009 720 1049 777 ut
1069 713 1118 776 ‚de
1131 729 1254 770 lon-11⁸⁰·

161 817 268 878 terris
300 815 429 879 nostris
455 822 490 878 et
516 815 803 897 possessionibus,
828 820 863 878 et
893 815 936 878 de
960 812 1118 877 omnibus

162 914 245 978 aliis
271 916 386 987 rebus,
410 933 497 996 quas
516 913 683 977 babemus
708 913 823 990 modo,
841 914 930 978 alter
952 912 1118 978 adversus

163 1014 316 1077 alterum
333 1013 419 1076 nibil
442 1013 564 1077 amodo
584 1019 692 1094 petet,
708 1019 855 1096 excepto
875 1014 917 1077 de
934 1011 1117 1088 Arvernia,

164 1113 210 1176 de
231 1113 409 1195 quainter
428 1111 491 1176 nos
511 1119 564 1176 est
582 1111 770 1189 contentio,
793 1119 828 1176 et
850 1118 997 1195 excepto
1018 1111 1118 1175 feodo

164 1212 221 1276 de
239 1219 355 1276 castro
384 1210 574 1294 Radulpbi,
596 1218 632 1276 et
656 1210 812 1295 exceptis
839 1211 980 1275 minutis
1008 1211 1119 1274 feodis

164 1312 295 1376 nostris
322 1317 358 1374 et
380 1310 501 1375 divisis
526 1317 695 1375 terrarum
720 1317 913 1374 nostrarum
938 1310 980 1373 de
1005 1310 1115 1373 Berri.

165 1410 341 1475 Siautem
364 1430 468 1493 super
489 1410 556 1487 his,
574 1429 652 1492 quea
672 1416 820 1492 excepta
841 1417 935 1486 sunt,
952 1429 1015 1491 per
1036 1428 1114 1471 nos-

163 1509 332 1593 metipsos
354 1511 537 1574 convenire
562 1528 632 1574 non
661 1509 861 1592 poterimus,
888 1529 953 1591 ego
982 1507 1116 1590 Bhilip-

163 1629 232 1692 pus
250 1616 321 1673 tres
341 1609 431 1691 elegi
449 1611 630 1694 episcopos
650 1616 685 1673 et
702 1610 861 1686 barones,
878 1616 913 1673 et
927 1627 1001 1689 ,ego
1020 1599 1118 1671 Hen-

163 1710 258 1772 ricus
278 1708 434 1787 totidem,
452 1710 512 1791 qui
530 1709 702 1772 internos
720 1709 847 1786 dicent,
863 1715 898 1771 et
917 1727 1118 1772 noseorum

158 1807 295 1891 judicio
312 1809 490 1871 'stabimus
516 1807 660 1871 firmiter
683 1813 718 1870 et
740 1809 832 1871 bona
853 1805 942 1871 fide?
985 1806 1117 1870 Eodem

163 1915 320 1989 tempore
354 1907 570 1983 Lodowicus,
605 1925 667 1969 rex
703 1906 927 1982 Francorum,
961 1904 1117 1968 Parisios

163 2007 256 2070 diem
273 2007 422 2070 exclusit
442 2013 634 2070 extremum
652 2005 784 2068 decimo
807 2011 931 2087 quarto
948 2003 1117 2066 kalendas

163 2106 341 2183 Octobris,
366 2113 401 2169 et
427 2105 585 2188 sepultus
599 2110 666 2167 est
688 2103 725 2166 in
753 2103 962 2166 monasterio
986 2101 1117 2166 Cister-

162 2206 278 2268 censis
312 2205 453 2282 ordinis,
492 2198 710 2268 ¹Barbellum
743 2208 993 2284 nuncupatum,
1024 2202 1115 2284 quod

163 2305 269 2368 etiam
303 2304 451 2387 propriis
484 2303 678 2386 sumptibus
711 2300 910 2367 inchoatum
937 2299 1028 2364 idem
1053 2320 1116 2363 rex

162 2403 386 2468 laudabiliter
406 2402 670 2468 consummavit.

176 2577 264 2656 Quod
278 2577 471 2654 Richardos,
488 2598 582 2642 comos
598 2577 804 2652 Pictuccmis,
822 2585 923 2640 torres
943 2574 1100 2660 (leufridi

386 2676 423 2740 de
437 2678 602 2742 Licinium
616 2677 757 2764 praviter
770 2676 894 2759 afflicti.

169 2840 178 2846 -
216 2800 287 2864 Per
307 2801 398 2864 idem
421 2808 555 2884 tempus
573 2799 855 2885 Aquitannorum
877 2800 949 2863 dux
969 2797 1116 2862 Richar-
1130 2813 1212 2874 amor

167 2897 231 2957 dus
254 2906 289 2959 et
312 2899 456 2962 Henrici
479 2900 570 2982 regis
587 2900 692 2979 filius,
715 2921 777 2982 per
799 2900 996 2982 superbiam
1019 2865 1229 3004 Gau-{iii}

168 2992 247 3054 fridi
278 2993 320 3055 de
348 2995 517 3059 Rancona
543 2999 662 3062 multis
692 3019 792 3081 saepe,
813 2999 996 3062 lacessitus
1024 2997 1116 3080 injn-
1149 2975 1187 3014 ‘¹¹¹¹
1212 2974 1252 3003 Μ’

168 3090 240 3168 riis,
269 3090 422 3154 collectis
445 3095 596 3174 undique
628 3097 834 3161 militaribus
849 3097 977 3178 copiiS,
1000 3095 1117 3159 Taile-

168 3191 266 3267 burc,
280 3189 460 3254 castellum
477 3189 631 3272 ejusdem
649 3191 822 3270 Gaufridi,
832 3188 1027 3258 ²obsidione
1044 3196 1118 3258 val-

167 3290 267 3372 lavit,
280 3308 371 3370 opus
387 3289 702 3371 desperatissimum
722 3299 758 3356 et
773 3293 865 3375 quod
885 3291 1025 3355 suorum
1042 3285 1131 3354 'nul'

168 3390 223 3452 lus
241 3389 497 3452 antecessorum
514 3389 685 3452 attentare
701 3391 942 3474 praesumpsit-3
965 3397 1117 3453 castrum

160 3489 259 3552 enim
281 3487 367 3551 illud
392 3494 473 3551 ante
496 3487 568 3552 dies
595 3488 673 3552 illos
704 3489 856 3553 hostium
879 3490 996 3553 cuneis
1019 3510 1117 3572 pror·

170 3606 229 3650 sus
247 3587 473 3668 incognitum,
496 3587 624 3671 triplici
643 3587 774 3652 fossato
796 3588 1008 3671 totidemque
1030 3609 1117 3652 moe·

169 3686 235 3749 niis
255 3686 431 3764 vestitum,
448 3687 545 3763 serie,
569 3687 673 3750 armis
695 3695 731 3752 et
752 3688 927 3771 repagulis
951 3687 1117 3752 sufficien-

169 3792 222 3848 ter
240 3781 459 3863 instructum,
482 3787 634 3850 turribus
652 3806 714 3869 per
734 3787 918 3850 intervalla
941 3787 1117 3869 dispositis

168 3885 385 3965 insignitum,
409 3891 625 3967 comportato
647 3886 761 3967 lapide
788 3887 824 3949 in
845 3885 1117 3969 propugnaculis

168 3984 350 4059 munitum,
371 3984 551 4048 abundans
574 3985 609 4048 in
625 3986 847 4062 victualibus,
870 3984 1033 4049 refertum
1054 3983 1118 4047 mi-

205 4159 400 4225 mulam]
424 4143 478 4211 rie
501 4163 582 4224 alirey
605 4163 651 4226 or,
691 4159 846 4212 miceam
860 4155 994 4230 sazava]
1017 4162 1059 4210 on
1076 4161 1118 4210 the

169 4233 406 4350 lialrpppux,wbich
416 4232 448 4281 he
459 4232 510 4282 bad
519 4232 631 4282 founded
658 4237 697 4282 lst
709 4234 789 4296 May,
808 4234 909 4296 Diceto,
919 4233 968 4283 col.
979 4235 1037 4282 608.

168 4316 194 4349 rn
270 4337 276 4351 .
