3144 5180
392 537 531 586 neonus
555 537 826 590 nrsronntnuu.
1018 523 1084 588 305

126 687 184 764 sis,
207 690 286 771 qui,
306 697 439 756 tractus
458 693 493 756 in
517 712 659 758 causam
684 702 826 778 propter
848 691 1080 773 homicidium,
1094 716 1148 757 un.
1161 719 1217 758 na.

126 787 160 848 in
176 790 274 869 regis
288 790 521 872 justiciarium
537 794 681 856 verbum
697 794 841 876 protulit
856 795 1081 859 contumelio-

127 904 225 966 snm;
252 889 348 970 quod
365 909 443 952 cum
459 910 587 972 negare
603 911 721 956 coram
737 892 995 974 archiepiscopo
1012 913 1080 957 non

127 993 259 1064 posset,
297 988 494 1068 praebendae
524 1008 598 1054 sune
628 990 796 1056 beneficio
827 991 995 1054 multatus
1027 1000 1081 1057 est

128 1089 161 1144 et
187 1103 253 1164 per
280 1085 455 1150 biennium
481 1106 503 1150 a
531 1106 638 1170 regno
667 1089 814 1170 pulsus3
845 1097 881 1154 et
906 1089 961 1154 bic
989 1109 1080 1154 nono

128 1180 202 1244 loco
225 1185 393 1265 apparuit
413 1187 629 1267 perturbatio
654 1187 746 1269 regis
769 1195 891 1260 contra
913 1187 1081 1272 archiepi-

23 1287 24 1334 l
130 1297 288 1364 scopum.

23 1487 25 1514 ÷
132 1452 284 1530 Qoneodo
298 1415 401 1520 beatas
415 1457 557 1534 Thomas,
573 1457 808 1522 Centaurieusis
823 1443 1079 1542 archiepiscopus,

23 1555 25 1574 '
229 1574 252 1616 a
267 1555 507 1642 Neriomptene
523 1555 697 1638 injuriatus
711 1579 732 1622 a
749 1578 816 1642 repe
831 1557 991 1620 recesserit.

177 1673 316 1740 Videns
337 1677 446 1757 igitur
467 1677 744 1761 archiepiscopus
769 1679 947 1744 libertates
970 1679 1078 1744 eccle·
1091 1697 1183 1795 3233

130 1772 188 1835 siae
210 1773 289 1856 jam
319 1775 474 1841 funditus
500 1777 709 1860 exspirasse,
731 1778 841 1843 inscio
870 1797 963 1858 rege,
986 1779 1077 1860 apud
1091 1797 1175 1842 nanus

133 1867 319 1936 Rumonel¹
345 1894 468 1940 navem
488 1875 652 1941 ascendit
677 1876 824 1941 Romam
850 1876 1078 1959 profecturus,
1093 1847 1219 1944 iiiii&-

132 1969 204 2047 sed,
225 1979 330 2036 vento
353 1974 389 2036 in
409 1975 620 2040 contrarium
642 1974 760 2051 flante,
782 1975 819 2036 in
843 1971 1006 2054 Angliam
1027 1995 1079 2038 re·
1092 1948 1135 1984 '⁰¹¹‘

128 2067 245 2150 jactus
263 2078 328 2147 est,
345 2091 391 2136 ex
413 2093 483 2155 quo
502 2073 594 2138 facto
613 2073 690 2138 loco
709 2071 843 2138 docimo
863 2072 954 2154 regis
975 2071 1081 2136 offen.

132 2186 206 2230 sam
229 2169 397 2249 incurrit;
424 2179 638 2254 quapropter
664 2171 757 2234 illico
779 2177 912 2234 tractus
934 2170 970 2232 in
998 2189 1079 2236 cau-

23 2287 24 2292 *
133 2282 220 2343 sam,
242 2261 423 2336 ²Jobanne
447 2269 679 2336 Marescballo
703 2270 777 2350 regi
800 2267 975 2335 deferente
997 2289 1081 2351 que-

133 2365 240 2429 relam
258 2386 322 2448 pro
340 2360 511 2432 ³manerio
531 2367 692 2450 quodam,
710 2367 841 2450 quoda
857 2367 975 2432 multis
993 2374 1079 2431 tem·

134 2466 286 2544 poribus,
311 2472 350 2528 ut
367 2466 557 2545 dicebatur,
580 2466 859 2547 archiepiscopus
877 2465 1080 2532 inconcusse

134 2563 346 2643 possederat,
364 2565 503 2629 tandem
525 2571 605 2649 post
626 2583 751 2647 graves
768 2565 973 2632 vexationes
999 2584 1080 2628 con-

136 2662 276 2725 trariam
299 2665 491 2745 reportavit
510 2664 717 2730 sententiam
739 2670 774 2726 et
793 2664 868 2744 regi
885 2663 1080 2746 judicatum

135 2760 222 2824 solvi
246 2760 454 2837 sufficienter
470 2763 575 2838 cavit,
592 2762 711 2826 habita
731 2763 910 2826 taxatione
928 2763 964 2825 in
984 2760 1082 2844 quiu-

136 2860 249 2938 gentis
265 2859 386 2940 libris3
404 2868 440 2924 et
461 2860 516 2924 bic
533 2861 610 2926 loco
624 2861 803 2924 undecimo
823 2861 985 2942 apparuit
1002 2880 1080 2942 per·

137 2957 289 3022 turbatio
313 2960 405 3041 regis
437 2959 604 3024 adversus
635 2958 929 3041 archiepiscopum
960 2979 1081 3040 puram

135 3055 382 3121 conscientiam
404 3056 596 3123 habentem.
651 3057 741 3121 Item
760 3051 870 3140 *apud
893 3057 1082 3121 Nortbam-

135 3159 254 3217 tonam
282 3162 415 3220 tractus
442 3155 479 3218 in
505 3175 645 3220 cansam
674 3175 778 3238 super
801 3163 893 3233 actu,
921 3176 1021 3238 quem
1047 3157 1083 3219 in

136 3253 343 3317 cancellaria
377 3241 508 3336 egerat,
540 3254 762 3337 praesentiam
795 3273 892 3318 suam
926 3253 1083 3318 exhibuit

138 3352 240 3415 tertio
259 3351 338 3415 idus
362 3353 535 3430 Octobris
550 3361 586 3418 ct
606 3345 768 3436 quoniam
791 3352 1026 3418 castellaniam
1041 3352 1083 3414 de

138 3449 213 3532 Eya
237 3457 274 3514 et
297 3451 340 3515 de
360 3451 649 3525 Bercbamestede
679 3451 834 3534 pluribus
857 3450 955 3516 annis
977 3449 1083 3516 libere

137 3548 359 3629 possedisset,
382 3550 527 3614 multum
550 3557 820 3617 consentaneum
841 3550 968 3615 rationi
988 3549 1084 3616 vide·

136 3647 251 3724 batur,
281 3655 320 3712 ut
348 3667 370 3712 a
398 3649 512 3730 capite
540 3649 708 3730 incipiens
738 3654 977 3730 perceptorum
1007 3648 1083 3711 red-

137 3745 232 3812 deret
262 3747 456 3826 rationem
490 3747 550 3810 sed
580 3748 744 3834 quoniam
767 3752 847 3810 ante
876 3746 1085 3811 consecrati-

170 3926 178 3958 ¹
191 3929 331 3992 Eumenet]
348 3929 471 3991 Romney‚
482 3931 509 3978 in
521 3931 598 3980 Kent.
625 3926 700 3990 ham,’
712 3930 833 3991 Stephon.
851 3928 976 3990 Pagham,
987 3930 1014 3975 in
1025 3929 1087 3976 Sus-

171 3993 351 4061 waiam]
375 3999 486 4048 marshal
509 3999 537 4048 of
556 3998 599 4048 the
625 4003 689 4048 sexl
997 4007 1000 4014 '

137 4066 298 4127 excbeqner;
325 4067 432 4128 Tyrrell.
475 4069 529 4116 The
552 4069 598 4117 cir·
659 4064 995 4130 animalitatem]
1014 4063 1087 4114 Com·

137 4142 293 4184 cumetences
305 4149 348 4184 are
359 4137 472 4186 detailed
481 4142 507 4186 at
512 4137 598 4200 length
624 4151 685 4197 pare
697 4136 848 4198 Quadrilog.
860 4151 886 4197 p.
898 4137 939 4196 46,
950 4149 1013 4198 seqq.
1033 4135 1087 4183 'l'he

137 4203 171 4262 by
182 4203 370 4266 Fitz-Stepben,
380 4222 407 4268 p.
421 4211 463 4268 35,
474 4221 538 4271 seqq.
625 4210 732 4254 account
740 4207 766 4254 iu
773 4206 815 4254 the
824 4205 907 4254 textis
916 4203 978 4253 from
987 4204 1088 4266 Diceto,

172 4268 429 4344 'Munerioqmdum.]
442 4276 500 4326 ‘De
513 4277 600 4338 Paga·
625 4276 673 4327 col.
685 4279 743 4328 538..

188 4363 267 4409 VOL.
284 4363 323 4412 11.
912 4365 938 4412 X
