3138 5184
448 507 513 574 224
703 521 836 569 noonru
862 521 908 568 nn
932 521 1140 570 wnunovun

288 691 411 732 A·1>·¹1³⁸·
449 677 751 762 contempserunt?
805 675 860 740 Ad
876 677 950 741 haec
965 684 1084 740 autem
1103 677 1280 759 respondit
1291 677 1404 742 omnis

311 755 320 771 ¹
448 779 599 862 populus
616 779 730 858 gentis
744 775 952 857 Anglorum‚
969 781 1005 838 et
1019 783 1250 840 resonuerunt
1266 784 1403 841 montes

449 884 484 941 et
500 876 619 954 colles,
638 875 786 952 ‘Amen
805 874 930 938 amem’

552 1049 601 1112 De
615 1046 778 1132 campestri
786 1044 898 1130 praelio
913 1044 994 1108 turer
1010 1046 1112 1110 Scotos
1127 1053 1156 1109 et
1169 1047 1298 1131 Araplos.

287 1185 427 1274 {mm
519 1169 627 1234 Hunc
656 1170 841 1234 clamorem
875 1167 1055 1230 audientes
1089 1167 1184 1232 Scoti
1216 1169 1401 1233 vociferati

393 1261 398 1274 '
449 1278 531 1333 sunt
562 1287 680 1338 omnes
711 1269 755 1330 in'
776 1266 914 1330 modum
949 1265 1227 1330 muliercularum
1262 1268 1402 1348 insigne

450 1369 601 1450 patrium
615 1373 625 1404 ‘
637 1366 778 1442 Albani,
796 1363 925 1429 Albani
938 1365 960 1442 ;'
988 1364 1048 1427 sed
1068 1365 1246 1428 extinctus
1260 1375 1314 1446 est
1326 1367 1401 1430 cla-

449 1486 525 1530 mor
553 1466 683 1530 ictuum
711 1465 926 1527 immanitate
955 1469 990 1526 et
1021 1462 1163 1526 horrore
1190 1482 1401 1528 concurren-

450 1565 535 1632 tium
552 1565 712 1628 acierum.
751 1556 900 1626 ¹Turma
915 1561 1157 1638 Loenensium,
1173 1564 1232 1644 qui
1249 1564 1398 1644 gloriam

450 1663 551 1744 primi
576 1662 667 1727 ictus
695 1680 815 1743 aroge
834 1661 895 1725 vix
921 1660 1203 1741 impetraverant,
1232 1680 1401 1743 augmen·

450 1762 535 1825 tatis
573 1760 759 1826 missilibus
798 1765 834 1824 et
876 1759 1007 1822 lanceis
1038 1758 1262 1840 longissimis
1294 1780 1406 1844 super·

452 1860 560 1924 aciem
591 1860 745 1942 equitum
774 1858 970 1940 Anglorum
994 1857 1214 1922 loricatorum
1241 1867 1404 1940 potenter

450 1959 596 2034 irruunt,
643 1959 687 2022 ad
728 1975 815 2039 quos
856 1957 956 2038 quasi
997 1975 1095 2019 muro
1115 1957 1247 2024 ,ferreo
1291 1959 1403 2022 offen-

452 2056 573 2125 dentes
608 2055 886 2139 impenetrabiles
919 2055 1136 2120 invenerunt.
1189 2055 1267 2121 Viri
1283 2063 1403 2120 autem

451 2156 625 2237 sagittarii
652 2155 766 2239 gentis
790 2153 997 2235 Anglorum,
1026 2154 1199 2235 equitibus
1224 2157 1403 2236 permixti,

452 2255 560 2319 imbre
586 2255 793 2338 sagittarum
820 2253 946 2318 Scotos
968 2253 1221 2329 obnubilantes
1239 2261 1404 2336 penetra*

451 2354 537 2422 bant
561 2373 632 2430 eos,
661 2372 748 2435 quos
778 2357 980 2434 repererunt
1008 2351 1180 2431 inermes3'
1206 2359 1281 2416 tota
1304 2373 1402 2416 nam·

454 2471 521 2534 que
553 2459 649 2533 gens
669 2450 864 2532 Anglorum
894 2457 930 2513 et
959 2450 1063 2514 decus
1107 2449 1427 2530 Normannorum,‘

454 2550 583 2616 circum
609 2549 835 2614 standardum
856 2548 1077 2629 conglobata,
1097 2551 1260 2613 manebat
1278 2550 1403 2614 immo·

455 2649 533 2713 bilis
549 2647 648 2730 quasi
664 2649 700 2711 in
717 2649 791 2712 acie
808 2666 894 2726 una;
924 2666 1156 2729 percussoque
1173 2667 1256 2712 casu
1270 2649 1404 2730 sagitta

455 2765 588 2813 summo
616 2746 845 2811 Loenensium
865 2746 964 2822 duce,
990 2747 1123 2810 corruit
1152 2747 1227 2828 ipse
1254 2755 1289 2811 et
1315 2768 1404 2830 gens

454 2845 530 2928 ejus
547 2851 623 2909 tota
640 2845 741 2910 estin
759 2845 877 2925 fugam
895 2863 1073 2909 conversa.
1126 2845 1286 2910 Offensus
1303 2865 1405 2910 nam-

454 2963 521 3025 que
535 2944 632 3007 Dens
646 2945 805 3008 excelsus
820 2951 895 3007 erat
915 2944 950 3008 in
976 2944 1038 3019 eis,
1056 2943 1146 3006 unde
1164 2946 1276 3007 omnis
1288 2946 1403 3009 virtus

454 3061 583 3120 eorum,
599 3051 766 3126 tanquam
781 3061 985 3105 aranearum
1003 3041 1086 3118 tela,
1101 3043 1279 3107 confracta
1299 3044 1405 3125 periit

453 3149 489 3208 et
515 3141 661 3221 defecit3
690 3142 782 3224 quod
804 3141 925 3205 videns
952 3140 1043 3204 acies
1068 3140 1249 3206 Scotorum
1277 3141 1403 3226 major,

453 3260 531 3322 quae
553 3259 598 3308 ox
621 3248 720 3323 parte
736 3241 847 3305 altera
863 3241 1028 3304 acerrime
1045 3240 1266 3322 confligebat,
1284 3241 1403 3306 animo

452 3339 577 3403 defecit
601 3348 637 3404 et
658 3340 750 3421 fugae
772 3340 1013 3402 incunctanter
1037 3338 1191 3403 indulsit.
1254 3339 1403 3420 Regalis

452 3445 568 3502 autem
592 3439 697 3515 aciae,
722 3457 825 3521 quam
849 3458 894 3501 ex
919 3438 1065 3501 diversis
1090 3438 1251 3519 gentibus
1271 3440 1404 3502 consti·

451 3543 578 3614 tuerat,
596 3537 698 3600 simul
712 3545 752 3601 ut
767 3536 841 3599 haec
858 3536 957 3612 vidit,
975 3543 1156 3618 coeperunt
1173 3536 1285 3618 primo
1305 3537 1406 3618 sigil-

451 3632 560 3712 latim,
583 3635 706 3700 deinde
730 3654 812 3700 vero
840 3635 1044 3698 catervatim
1061 3635 1194 3717 fugere,
1218 3655 1299 3717 rege
1324 3636 1404 3700 solo

451 3733 563 3799 adhuc
589 3735 819 3816 persistente3
853 3733 946 3815 quod
978 3734 1078 3797 amici
1110 3733 1201 3814 regis
1227 3733 1403 3798 intuentes

450 3840 639 3913 coegerunt
654 3853 731 3896 eum
754 3852 843 3915 equo
863 3850 1007 3895 ascenso
1027 3833 1158 3913 fugere,
1183 3832 1282 3915 cujus
1307 3833 1402 3896 filius

450 3930 485 3998 in
501 3932 605 3994 armis
619 3939 790 4006 strennue,
810 3930 954 3994 aliorum
975 3930 1094 4013 fugam
1114 3950 1183 3994 non
1207 3931 1404 4009 attendenS‚

449 4030 510 4094 sed
526 4031 592 4094 soli
609 4030 728 4110 gloriae
744 4030 866 4095 virtuti
883 4029 1034 4107 inhians,
1052 4030 1143 4093 acies
1163 4030 1313 4093 hostium
1336 4031 1405 4094 im·

447 4135 530 4208 petu
554 4129 688 4192 ardenti
713 4128 902 4214 percussit3
929 4127 1012 4215 licet
1035 4128 1128 4191 illius
1155 4129 1295 4208 agmina
1318 4148 1405 4193 con-

621 4275 729 4326 ¹Turmu
741 4277 920 4339 Loenensium]
939 4275 1057 4326 Tharnen
1069 4277 1098 4325 os
1107 4277 1222 4327 Lothian.
