3104 5186
355 611 496 660 1101111
523 610 793 663 maronianum.
985 595 1052 660 105

109 768 334 833 disseminatio
352 769 439 846 adeo
456 770 629 852 principes
646 777 783 835 nostros
796 769 993 852 perterruit,
1011 776 1050 834 ut
1063 784 1187 884 hiim

110 869 306 950 Stephanus,
332 867 599 933 Carnotensium
619 887 746 946 comes,
771 867 976 951 aegritudine
1003 869 1050 932 11-
1063 885 1212 926 nomm

108 967 226 1032 nudata
244 975 282 1032 et
304 975 446 1050 sumpta
468 987 490 1031 a
510 969 675 1032 fratribus
693 967 846 1045 licentia,
868 987 947 1032 cum
965 985 1051 1050 qua·

110 1073 177 1129 tuor
200 1074 415 1131 armatorum
441 1068 592 1131 millibus
610 1069 655 1132 ab
676 1065 856 1132 obsidione
874 1085 944 1130 non
962 1067 1053 1130 redi·

110 1173 197 1229 turus
217 1167 391 1230 abscessit
407 1187 416 1246 ;
446 1186 516 1250 quo
538 1167 632 1231 facto
653 1173 725 1230 tam
745 1165 892 1231 notabili
911 1172 1052 1248 tamque

110 1264 235 1330 imesto
260 1266 449 1348 principes,
474 1267 590 1348 quiin
610 1266 736 1350 castris
762 1273 874 1344 erant,
897 1272 1052 1329 conster-

109 1364 186 1442 nati,
209 1372 395 1448 coeperunt
422 1366 525 1429 anxie
553 1365 743 1431 deliberare
769 1363 944 1447 quomodo
973 1363 1052 1429 huic

110 1465 218 1528 morbo
244 1471 391 1546 possent
419 1483 609 1543 occurrere,
634 1484 677 1528 ne
704 1464 770 1529 hoc
793 1463 954 1546 exemplo
975 1482 1054 1547 per·

111 1562 232 1627 uicioso
257 1563 319 1627 alii
343 1563 454 1627 simile
475 1564 605 1646 aliquid
634 1570 861 1629 attentarent.
913 1561 1053 1627 Placuit

110 1681 183 1742 ergo
214 1661 387 1739 omnibus,
415 1669 455 1726 ut
484 1664 679 1746 quicunque
708 1683 746 1728 se
776 1682 798 1726 a
826 1662 950 1728 castris
978 1663 1053 1726 sine

110 1760 298 1843 principum
322 1761 464 1826 licentia
486 1762 717 1840 subtraheret,
748 1770 914 1844 tauquam
945 1762 1052 1825 sacri·

111 1858 200 1940 legus
224 1869 288 1924 aut
307 1860 478 1925 homicida
503 1862 539 1924 in
556 1862 711 1927 exercitu
729 1858 938 1941 haberetur3
962 1859 1053 1924 unde

109 1957 230 2023 lactum
248 1968 315 2036 est,
332 1967 373 2023 ut
388 1979 505 2024 omnes
520 1961 662 2042 pariter,
676 1967 844 2043 tauquam
858 1959 925 2025 viri
941 1959 1055 2023 claus-

110 2058 221 2135 trales,
257 2059 471 2141 principibus
502 2061 575 2124 suis
608 2058 839 2125 obedientiam
872 2058 1054 2124 voluntate

109 2165 294 2239 spontanea
310 2157 520 2227 exhiberent.
609 2245 614 2255 Ι

189 2341 240 2403 De
253 2338 415 2425 Emysero,
422 2360 483 2424 per
497 2361 584 2427 qoem
598 2339 720 2405 traditu
735 2347 776 2404 est
785 2338 965 2406 Antiochia.

154 2463 250 2528 Solet
273 2471 393 2528 autem
417 2465 535 2530 divina
559 2465 741 2530 clementia
767 2483 946 2530 servorum
973 2483 1160 2534 scortator

113 2581 180 2626 rum
209 2563 448 2628 deficientibus
478 2566 692 2647 argumentis
720 2565 906 2628 subvenire
935 2564 1052 2647 propi·
1065 2535 1164 2575 ‘mm'

112 2661 185 2740 tius,
207 2682 273 2726 nec
298 2663 404 2727 etiam
430 2683 512 2729 suos
540 2665 632 2729 ultra
654 2683 758 2746 quam
779 2664 951 2728 sustinere
972 2682 1054 2745 pos·

114 2769 186 2826 sunt
210 2763 342 2827 tentari
367 2764 545 2845 permittit.
599 2764 686 2828 Erat
708 2763 798 2827 enim
818 2764 856 2825 in
877 2763 963 2826 urbe
977 2759 1053 2826 An-

113 2860 267 2926 tiochena
282 2863 374 2926 inter
389 2863 476 2926 alios
492 2863 546 2927 vir
562 2863 701 2945 quidam
720 2881 845 2944 genere
864 2861 1053 2945 praeclarus

112 2967 144 3023 et
154 2960 354 3025 Christiana
365 2962 576 3044 professione
591 2962 789 3044 insignitus,
800 2955 953 3046 ¹Emyser
965 2980 1053 3024 nun-

112 3067 268 3141 cuperus,
300 3059 402 3124 homo
431 3069 554 3144 potens
584 3061 686 3125 nimis
719 3067 756 3124 et
785 3058 927 3125 Axiano
956 3059 1053 3124 urhis

112 3157 244 3223 domino
274 3161 385 3223 multa
409 3160 645 3224 familiaritate
666 3159 884 3244 conjunctus,
906 3160 957 3223 ita
979 3159 1055 3240 qui·

113 3256 184 3320 dem
205 3265 256 3322 ut·
268 3259 305 3322 in
320 3261 395 3343 ejus
410 3260 540 3342 palatio
561 3260 688 3324 notarii
701 3256 812 3323 officio
827 3259 1053 3340 fungeretur3

112 3356 163 3419 vir
177 3357 330 3441 prudeus
346 3365 381 3422 et
396 3359 599 3436 industrius,
610 3359 752 3423 audiens
770 3357 862 3441 quod
877 3358 1054 3422 Boamun-

113 3454 173 3518 dus
188 3456 351 3541 princeps
370 3465 462 3522 esset
481 3458 626 3522 illustris
643 3465 679 3522 et
700 3457 916 3540 magnificus,
936 3456 1055 3520 statim

113 3562 189 3635 pust
217 3557 432 3621 obsidionem
459 3559 554 3622 urbis
586 3578 649 3640 per
675 3558 905 3622 internuntios
935 3554 1054 3618 fideles

114 3653 185 3736 ejus
214 3655 282 3718 sibi
307 3656 457 3737 gratiam
482 3644 719 3734 reconcilians,
746 3656 872 3721 civium
901 3664 936 3721 et
960 3654 1055 3718 urbis

113 3758 239 3817 statum
254 3755 374 3819 diebus
396 3756 543 3838 singulis
567 3757 776 3835 denudabat,
793 3762 829 3820 et
846 3756 959 3832 nimis,
974 3755 1056 3820 licet

114 3853 256 3931 occulte,
278 3855 426 3918 amicum
450 3856 486 3918 in
509 3857 667 3920 omnihus
690 3855 834 3938 agendis
853 3853 1055 3936 diligentius

148 4095 155 4124 '
171 4099 289 4164 hington]
311 4100 364 4149 The
384 4106 482 4163 greater
500 4117 572 4150 num·
594 4102 688 4163 cheud,
699 4102 717 4152 i.
729 4117 755 4163 p.
768 4105 824 4164 305,
835 4106 906 4162 aote3
923 4103 977 4152 1110
993 4100 1055 4148 ‘the

1 4179 2 4236 3
112 4168 156 4216 ber
166 4168 195 4216 oi
201 4169 242 4218 the
249 4169 383 4219 historiens
389 4171 418 4219 of
426 4171 477 4220 this
483 4171 571 4234 period
595 4171 741 4234 interesting
748 4175 846 4220 extract
851 4171 913 4219 from
922 4170 1057 4220 Kemaled·

113 4237 162 4285 call
178 4237 226 4287 thie
237 4240 324 4288 traitor
335 4239 460 4301 Pyrrhus,
470 4257 499 4290 or
510 4242 573 4290 Phi·
595 4239 1057 4302 111111111110110111110001111111111,

114 4321 183 4368 rous,
204 4307 245 4358 the
267 4323 312 4358 101
332 4309 361 4358 01
380 4325 412 4360 au
434 4311 571 4360 Armenian
596 4311 696 4372 preiace
705 4315 731 4359 to
739 4311 789 4358 vol.
800 4310 827 4360 ii.
839 4326 865 4372 p.
877 4310 934 4372 ³⁰3⁹
945 4309 1057 4367 Gibbou,

114 4377 201 4425 mukar
221 4378 249 4427 oi
270 4379 404 4429 cuirassee.
447 4381 498 4431 See
522 4382 572 4430 Mi·
595 4381 633 4431 xit
644 4396 670 4442 p.
679 4385 720 4442 65,
730 4383 794 4429 note.
