3138 5184
422 553 559 602 neonus
583 553 855 602 n1sronmauu.
1045 541 1110 605 179

140 727 233 770 ram
251 728 275 771 a
287 729 367 791 rege
383 711 525 794 suisque
541 712 765 794 principibus,
780 719 815 774 et
831 731 852 774 a
868 711 979 776 classe
994 712 1088 778 Janu
1118 732 1173 773 nn.
1185 735 1241 775 rm.

141 809 234 870 ensi
268 811 481 893 navibusque
512 811 683 888 rostratis,
715 829 802 893 quas
826 811 959 892 galeias
986 814 1104 895 appel·

141 906 247 982 lant,
270 927 331 989 per
347 929 454 986 mare,
471 909 650 974 introitum
669 911 801 973 civibus
824 916 859 973 et
882 912 1015 975 exitum
1041 931 1102 977 an-

141 1005 333 1086 ferebant3
350 1008 519 1073 machinis
535 1010 675 1073 taudem
690 1010 955 1091 circumpositis,
973 1012 1101 1075 crebris

141 1106 359 1184 assultibus,
374 1117 446 1171 tam
463 1127 485 1172 a
501 1127 583 1189 rege
597 1125 660 1190 per
673 1115 812 1185 terram,
828 1127 932 1191 quam
952 1129 973 1173 a
991 1109 1101 1176 classe

140 1224 337 1285 perorem
365 1207 584 1284 maritimam,
607 1207 735 1272 multos
762 1227 808 1271 ex
834 1208 968 1272 civibus
996 1211 1102 1273 variis

141 1303 338 1368 eventibus
361 1313 599 1388 peremerunt3
626 1325 772 1389 cumque
794 1325 856 1388 per
877 1306 951 1370 dies
977 1309 1101 1390 viginti

139 1401 350 1486 continuos,
375 1405 485 1469 nostri
502 1405 736 1487 oppugnando
761 1405 881 1488 illique
909 1406 1056 1490 injurias
1078 1427 1100 1471 a

140 1520 191 1563 se
207 1502 454 1583 propulsando,
473 1503 714 1580 desudassent,
729 1503 793 1567 hac
810 1503 1006 1569 conditione
1025 1508 1099 1587 regi

141 1599 331 1664 civitatem
348 1603 575 1680 tradiderunt,
590 1611 641 1680 ut,
655 1603 715 1685 qui
732 1603 850 1685 egredi
865 1603 1006 1680 vellent,
1020 1624 1098 1669 cum

142 1699 322 1763 uxoribus
353 1708 388 1765 et
424 1703 541 1766 liberis
566 1711 603 1766 et
634 1703 736 1766 rebus
768 1703 926 1766 omnibus
953 1703 1098 1767 liberum

141 1799 321 1863 haherent
336 1801 479 1879 exitum,
496 1809 543 1878 et,
560 1801 621 1884 qui
641 1802 677 1865 in
697 1802 855 1865 domibus
874 1821 1012 1866 manere
1035 1802 1096 1866 eli-

142 1907 287 1978 gerent,
303 1899 385 1964 data
398 1901 472 1982 regi
488 1901 634 1982 singulis
657 1902 757 1965 annis
773 1901 872 1965 honis
892 1901 1096 1966 conditioni·

143 1999 218 2060 bus
234 2000 391 2079 pecunia,
407 2001 472 2064 sub
492 2001 585 2064 illius
608 2001 823 2082 protectione
845 2008 1024 2064 manerent
1045 2019 1099 2064 se-

141 2098 238 2160 curi.
289 2097 360 2162 Hic
386 2099 534 2182 primum
562 2120 625 2182 per
658 2119 753 2163 mare
778 2100 1021 2164 accedentibus
1051 2100 1101 2163 ad

142 2206 279 2261 terram
305 2207 461 2263 sanctam
483 2200 598 2282 patuit
621 2217 745 2262 secura
768 2198 1015 2281 tranquillitas,
1040 2198 1097 2261 lit-

142 2304 226 2359 tore
242 2297 286 2358 ab
296 2296 452 2362 hostibus
468 2297 721 2382 aliquantulum
738 2298 912 2381 expedito.
947 2291 1095 2360 ¹Eodem

143 2415 244 2458 anno
274 2397 499 2460 Boamundus
529 2404 565 2462 et
600 2396 821 2461 Baldewinus
851 2415 978 2472 comeS,
1016 2416 1101 2460 curn¹

143 2494 331 2560 Tancredo
354 2503 391 2559 et
412 2496 571 2561 Jocelino
593 2515 781 2579 eorumque
802 2496 995 2577 legionibus
1017 2497 1095 2559 uni-

142 2593 272 2670 versis,
302 2595 516 2677 Euphratem
544 2602 776 2672 transeuntem
802 2595 946 2660 Curram
972 2595 1095 2660 civita-

144 2700 232 2769 tem,
256 2693 298 2756 de
323 2714 393 2776 qua
417 2695 453 2760 in
479 2695 586 2778 gestis
609 2693 761 2760 Abrahae
790 2695 929 2776 legitur,
952 2694 1095 2758 obsede-

142 2799 255 2872 runt3
293 2793 385 2858 cives
422 2801 538 2859 autem
570 2794 613 2859 de
646 2794 874 2858 subventione
904 2792 1095 2858 diffidentes

143 2894 278 2956 nostris
300 2893 476 2958 civitatem
496 2893 707 2970 obtulerunt,
728 2892 800 2970 sed,
822 2892 1022 2957 stimulante
1040 2893 1094 2956 in-

144 2990 255 3069 vidia,
278 2992 387 3057 effusa
407 3000 462 3059 est
483 2993 658 3058 contentio
681 2993 772 3056 inter
794 2991 1036 3055 Boamundnm
1060 3000 1100 3056 et

144 3090 401 3169 Baldewinum,
437 3092 515 3176 quis
553 3112 672 3157 eorum
701 3093 821 3156 urbem
859 3091 1030 3155 obtineret
1058 3091 1096 3154 in

144 3208 259 3267 suam,
284 3197 320 3254 et
342 3191 536 3256 differentes
552 3210 661 3273 usque
677 3210 777 3254 mane
798 3191 917 3254 urbem
942 3190 1094 3254 oblatam

144 3308 332 3372 occupare,
345 3291 455 3355 donec
471 3290 513 3354 de
529 3291 590 3354 illa
606 3291 798 3373 quaestione
812 3290 937 3354 frivola
959 3289 1094 3371 plenius

145 3387 391 3467 discuteretur,
410 3397 607 3472 ‘antequam
641 3390 717 3453 dies
752 3388 967 3452 illucesceret
997 3394 1097 3452 tanta

145 3486 298 3552 hostium
319 3489 433 3553 adsuit
445 3488 644 3564 multitudo,
660 3495 700 3552 ut
716 3488 826 3552 nostri
841 3488 884 3552 de
900 3488 975 3552 vita
990 3487 1095 3551 etiam

143 3585 381 3669 desperarent.
434 3587 647 3652 Patriarchee
669 3591 797 3663 autem,
817 3587 876 3668 qui
898 3585 1094 3662 adsuerunt,

143 3687 260 3751 verbis
276 3686 522 3751 exhortatoriis
544 3687 671 3751 nostris
686 3686 820 3750 animos
837 3685 963 3748 addere
979 3686 1099 3748 nitun,

145 3793 214 3863 tur,
243 3785 304 3850 sed
338 3787 453 3868 gratia
477 3786 634 3851 destituti
659 3785 780 3849 divina
804 3804 867 3848 nec
891 3783 1006 3848 verbis
1031 3803 1095 3846 nee

145 3883 440 3951 admonitionibus
462 3886 694 3970 adjuvantur3
725 3903 806 3948 nam
831 3883 948 3948 statim
972 3883 1008 3945 in
1024 3882 1095 3964 pri-

145 4003 203 4048 mo
237 3986 403 4050 conflictu
434 3987 543 4050 nostri
578 3985 806 4067 ignominiose
846 3990 946 4064 terga
979 3988 1095 4045 osten·

145 4083 277 4164 dentes,
302 4093 488 4169 castraque
510 4104 588 4149 cum
614 4085 758 4148 sarcinis
780 4083 990 4158 deserentesr,
1011 4081 1096 4162 suga

146 4184 290 4250 salutem
308 4187 523 4270 quaerebant,
540 4202 645 4268 quam
663 4203 731 4246 non
749 4189 912 4265 poterant
928 4180 1094 4246 inuenire.

374 4353 485 4402 ¹Eodem
501 4347 869 4421 anno.]wi11,l'yr.p.ree.
977 4421 993 4465 2
1058 4423 1062 4430 Α

943 4431 958 4465 n
