3144 5180
401 547 546 594 nous
568 548 841 600 muru.
1038 537 1105 602 8¹0·

24 669 25 726 ³
132 706 1235 790 mesammones-smum

23 870 24 894 χ
131 807 381 870 annom
402 807 627 880 mlum,
646 805 694 868 dr
717 807 902 888 utrique
921 808 1103 874 milnntute

23 955 24 982 ,
130 905 1100 986 depr-anxanmnithmhmihm-

23 1015 24 1020 ’
132 1003 311 1066 troroesia
333 1002 1099 1088 matutimis-,exprm—

131 1110 232 1184 oepto
256 1101 377 1183 regio,
396 1101 665 1182 fflitriswni
678 1101 835 1182 ‘retusi
852 1115 889 1164 ά
906 1105 1024 1167 men
1040 1123 1099 1170 eo

130 1201 322 1263 clea'armn
356 1199 496 1282 prahti
526 1207 779 1274 convocantur,
810 1209 849 1262 nt
876 1211 1009 1283 quanto
1035 1221 1097 1284 ge-

93 1297 789 1362 -neralioressetoondliieelebntio
813 1300 1095 1366 autumnas-

132 1394 967 1460 tiorlieretfiudisetmlitiaetlenndntio
1025 1397 1095 1464 Die

132 1498 334 1560 eonstituto
355 1493 520 1557 natholitn'
541 1493 710 1575 principis
728 1495 930 1575 conspectui
945 1515 984 1558 se
1004 1515 1093 1578 pn·-

132 1595 293 1658 sentavit
313 1595 417 1674 regni
439 1591 658 1655 tnrbntorin
680 1590 929 1674 eoquni,
952 1593 1093 1660 desno-

22 1765 23 1784 W
132 1713 208 1756 mm
238 1693 449 1756 meritorum
481 1689 653 1772 qualitate
685 1707 756 1752 non
785 1709 942 1768 securas,
971 1692 1092 1758 Domi·

22 1785 23 1810 l
132 1794 222 1856 nicar
242 1791 362 1856 erucis
383 1797 497 1852 mmet
512 1809 552 1853 se
575 1788 771 1870 signaculo,
788 1797 953 1870 unquam
973 1791 1018 1855 nd
1036 1801 1092 1875 ty·

132 1892 236 1955 renni
267 1891 494 1972 praeentiam
520 1905 745 1966 murm
767 1907 833 1951 uec
857 1897 973 1952 tamen
995 1891 1091 1972 regin

22 2011 23 2022 ¹
132 1990 306 2074 majestas
339 1987 539 2064 offenditur,
570 1986 632 2050 sed
666 2005 784 2050 nausa
819 2005 892 2050 sure
920 1985 1089 2067 indicium

132 2092 382 2172 episcoporum
397 2086 478 2150 fidei
496 2085 696 2162 oommittit,
717 2091 758 2148 nt
773 2085 825 2148 sic
838 2085 884 2148 ab
905 2085 999 2149 omni
1015 2105 1091 2150 sus-

133 2189 273 2272 picione
294 2186 475 2251 liberetur.
529 2184 704 2249 Restabat
724 2191 766 2248 nt
781 2181 915 2266 judicio
937 2183 1089 2268 episcopi

131 2305 277 2351 eausam
293 2286 532 2360 terminarent,
547 2290 589 2347 nt
607 2283 659 2346 sie
672 2281 878 2346 dissidentes
892 2282 1089 2364 ingratiam

132 2387 347 2450 loederarent
372 2390 409 2446 et
429 2381 656 2447 dissensionis
685 2399 804 2444 eornm
831 2381 1011 2446 materiam
1036 2401 1090 2448 se·

132 2485 372 2567 polirent;·at
398 2479 518 2546 obviat
546 2480 767 2544 adversarius
788 2486 826 2543 et
852 2479 984 2564 objicit,
1006 2499 1091 2564 qun-

21 2581 22 2670 }
132 2585 227 2646 niam
244 2583 361 2665 ipsum
380 2599 499 2645 eoram
520 2599 604 2661 rege
626 2586 721 2642 stare
730 2577 874 2661 jndicio,
893 2587 985 2644 esset
1007 2599 1091 2664 apo·

21 2699 22 2712 ¹
133 2682 267 2747 stolicae
290 2681 383 2744 sedis
399 2686 436 2743 et
449 2677 632 2760 dignitatis
648 2677 853 2755 diminuti03
877 2695 918 2742 ao
935 2679 965 2742 si
981 2680 1090 2745 nesci·

135 2788 183 2856 at,
203 2779 312 2862 qnod,
332 2779 399 2842 etsi
419 2778 457 2840 in
477 2777 539 2841 illo
555 2775 691 2859 judicio
709 2775 964 2856 aliquantulum
988 2777 1088 2842 dero·

134 2885 278 2961 geretur
304 2869 466 2941 'ecclesiae
494 2874 671 2957 dignitati,
695 2873 980 2940 dissimulandum
1013 2884 1088 2942 erat

133 2997 197 3060 pro
217 2984 386 3058 tempore,
401 2981 442 3038 ut
462 2993 535 3057 pax
558 2972 713 3038 ecelesiae
736 2972 947 3038 redderetur.
988 2973 1086 3060 obji-

135 3078 184 3140 cit
199 3077 339 3151 iterum,
357 3074 466 3156 patris
489 3072 555 3136 sibi
573 3091 699 3136 nomen
718 3072 906 3150 ascribens,
923 3074 1014 3156 quod
1030 3093 1086 3140 ar·

135 3174 334 3257 rogantiam
359 3171 514 3236 redolere
537 3169 677 3237 videtur
705 3169 799 3252 qnod
826 3170 887 3234 tilii
916 3171 954 3236 in
976 3174 1085 3254 patris

21 3335 22 3338 ,
134 3272 393 3338 damnationem
415 3269 556 3335 minime
581 3269 773 3336 debuerant
795 3269 1001 3349 convenire;
1024 3272 1084 3336 sed

135 3373 372 3438 necessarium
393 3376 549 3447 erat,'ut
574 3369 685 3451 patris
715 3368 911 3451 snperbiam
937 3367 1083 3436 filiorum

21 3491 22 3564 ᾗ
135 3471 313 3535 humilitas
333 3475 555 3552 temperaret,
568 3489 612 3533 ne
630 3474 710 3551 post
723 3474 857 3550 patrem
873 3467 909 3533 in
926 3467 1005 3534 filiis
1024 3487 1083 3554 pn·

134 3571 197 3634 tris
217 3571 335 3634 odium
352 3574 565 3651 parentaret.
604 3567 790 3632 Instabant
809 3575 925 3634 autem
949 3567 993 3634 ad
1018 3568 1083 3636 hoc

21 3689 22 3694 ¹
135 3657 247 3733 nuntii
264 3668 430 3744 studiose,
441 3675 481 3732 ut
498 3668 568 3732 duo
585 3666 692 3749 legati
710 3667 928 3734 mitterentur
943 3687 965 3734 a
980 3689 1083 3754 papa,

135 3769 194 3850 qni
209 3787 351 3831 cansam
372 3766 634 3831 Gautnariensis
653 3765 902 3856 arehiepiscppl
920 3785 961 3834 ae
979 3771 1082 3850 regin,

135 3868 227 3931 omui
251 3866 486 3948 appellatione
512 3871 656 3941 remota,
684 3863 880 3932 diffinirent.
934 3866 1080 3934 Domum

136 3966 252 4030 multis
273 3965 560 4048 promissionibus
583 3983 709 4048 papam
734 3965 872 4031 flectere
900 3967 1080 4046 curabant,

136 4073 173 4129 ut
190 4061 459 4129 consuetudines
474 4064 572 4147 regni
587 4059 727 4146 Angliae
742 4072 777 4130 et
791 4064 981 4144 libertates,
992 4081 1080 4150 quun

135 4183 196 4228 rex
213 4165 258 4227 ab
275 4183 342 4227 avo
358 4183 424 4227 sno
439 4182 522 4245 rege
543 4163 698 4228 Henrico
714 4161 866 4230 ‘avitas’
882 4163 1081 4249 appellabat

135 4262 333 4344 dignitates,
341 4262 546 4327 confirmare
558 4270 594 4328 et
607 4261 793 4328 clementer
806 4263 1081 4350 concederedig·

926 4387 977 4436 tt
