3190 5202
466 555 606 606 enonas
629 553 903 608 mammarum.
1108 544 1151 610 ³1
1216 607 1218 611 ,

199 712 343 788 fecerat,
370 718 469 794 patre
494 711 607 775 adhuc
635 711 801 792 vivente;
833 733 903 794 quo
935 721 1089 794 auctora,
1114 717 1282 780 innonat.

199 810 256 874 die
268 817 468 876 sanctorum
481 817 673 894 martyrum
687 809 822 875 Gosmae
837 818 872 876 et
886 813 1061 892 Damiani,
1075 813 1150 879 An-

201 910 282 990 gliae
304 908 463 972 diadema
487 909 647 990 adaptuS,
669 909 838 991 reliquum
858 910 990 993 hyemis
1014 920 1150 997 tempus

200 1007 437 1072 favorabiliter
445 1009 627 1088 transegit.
659 1006 897 1074 Veruntamen
910 1011 1040 1075 nobiles
1050 1013 1148 1094 regni

199 1105 271 1170 fere
295 1125 425 1182 omnes,
445 1126 514 1170 non
535 1107 610 1170 sine
632 1106 784 1188 perjurio
808 1108 845 1170 in
857 1107 1071 1174 Willelmum
1093 1131 1148 1174 re-

197 1223 277 1285 gem
287 1206 362 1289 jam
378 1211 579 1270 coronatum
592 1205 685 1271 bella
698 1212 888 1281 moventes,
904 1214 940 1269 et
954 1207 1147 1274 Robertum

198 1302 340 1367 fratrem
352 1304 428 1387 ejus
441 1303 708 1385 primogenitum
719 1303 756 1365 in
770 1323 913 1384 regnum
928 1305 1147 1388 adoptantes,

196 1401 235 1464 in
255 1402 328 1464 suis
347 1402 494 1483 quisque
515 1401 702 1483 provinciis
723 1401 965 1467 debacchatur.
1015 1405 1146 1469 Eodem

196 1519 289 1563 anno
320 1500 483 1566 Saraceni
513 1499 665 1581 Hispani
689 1500 726 1562 in
754 1499 970 1567 Christianos
1001 1491 1145 1581 efferati,

195 1618 279 1664 mox
302 1599 346 1661 ab
374 1596 565 1663 Aldefonso
592 1617 674 1679 rege
696 1596 841 1663 Galiciae
872 1598 917 1662 ad
940 1618 1005 1664 sua
1034 1601 1146 1668 redire

196 1697 377 1778 compulsi,
399 1696 567 1778 quasdam
592 1696 707 1771 urbes,
730 1715 817 1779 quas
846 1697 928 1760 olim
950 1705 1145 1777 tenuerant,

194 1795 396 1859 amiserunt.
449 1795 530 1858 Hoc
544 1794 691 1876 denique
714 1801 868 1877 tempore
885 1815 948 1858 rex
965 1797 1145 1866 Danorum

194 1887 327 1958 Cnuto¹
344 1893 452 1958 asnis
468 1892 696 1975 interemptus
711 1900 776 1957 est.

313 2063 362 2126 Dc
378 2062 602 2148 compatratione
618 2073 798 2147 captatam
812 2074 921 2132 contro
935 2085 1033 2152 repam

573 2161 771 2226 Willclmum.

244 2283 348 2349 Anno
367 2283 508 2349 Domini
531 2299 750 2349 mcxxxvm.
766 2301 845 2347 cnm
867 2303 930 2346 rex
945 2283 1199 2356 Willelmusffl
1219 2320 1274 2360 aas.

192 2381 237 2446 ad
251 2383 402 2447 natalem
420 2381 562 2447 Domini
583 2383 713 2446 curiam
732 2399 831 2444 suam
846 2380 993 2445 Londini
1011 2367 1301 2466 tenuis-ffflilm,

190 2488 257 2556 set,
272 2489 395 2563 postea
411 2481 448 2543 in
468 2482 569 2545 initio
585 2481 675 2544 veris
697 2480 825 2543 bellum
843 2487 964 2544 contra
982 2480 1138 2548 Odonem

191 2586 354 2660 patruum
388 2599 489 2645 suum
523 2579 633 2644 movit
664 2578 863 2661 episcopum
898 2580 1135 2647 Baiocensem.

192 2677 287 2744 Nam
303 2696 382 2742 cum
405 2677 464 2740 ille
489 2677 623 2741 solutus
646 2697 668 2740 a
690 2678 836 2742 vinculis
863 2676 1055 2744 Robertum
1077 2699 1136 2744 ne-

189 2781 306 2856 potem
331 2794 432 2841 suum
452 2775 490 2838 in
503 2775 632 2841 ducatu
648 2775 871 2839 Normanniae
889 2775 1136 2857 confirmasset,

191 2873 355 2954 Angliam
374 2874 471 2941 venit
487 2880 523 2938 et
550 2875 683 2954 accepit
710 2893 755 2936 ex
777 2873 869 2939 dono
892 2875 983 2954 regis
1001 2873 1137 2940 Cantica

190 2973 414 3050 comitatum
446 2967 507 3035 sed
533 2990 612 3036 cum
635 2972 751 3035 omnia
775 2991 845 3034 non
867 2991 930 3053 pro
953 2989 1023 3047 suo
1044 2975 1137 3037 arbiq

190 3076 298 3145 tratu,
325 3077 365 3133 ut
388 3071 481 3146 olim,
505 3071 543 3133 in
566 3089 674 3150 regno
697 3069 833 3151 disponi
857 3070 1001 3145 videret,
1026 3070 1135 3137 livore

187 3186 373 3248 percussus
395 3187 519 3248 aroge
541 3167 698 3243 descivit,
722 3175 759 3230 et
778 3167 906 3230 multos
933 3168 1052 3231 eodem
1068 3171 1134 3232 'su-

189 3284 290 3327 surru
307 3265 343 3328 in
358 3263 489 3346 Anglia
511 3265 708 3329 maculavit.
762 3266 918 3330 Roberto
934 3266 1032 3329 fratri
1055 3273 1134 3348 reg·

189 3366 271 3425 nnin
307 3372 501 3446 competere
532 3365 632 3440 dixit,
664 3365 723 3446 qui
752 3364 926 3448 juveniles
965 3365 1134 3432 stultitias

188 3461 306 3524 multis
315 3463 391 3544 jam
405 3463 580 3526 laboribus
595 3463 792 3544 mitigaret3
820 3462 1034 3550 Willelmum
1051 3462 1137 3526 deli.

187 3567 264 3624 cate
292 3562 461 3624 nutritum
487 3560 646 3638 affirmat,
673 3567 746 3623 tam
770 3560 885 3625 animo
908 3578 1012 3640 quam
1033 3560 1134 3623 vultu

187 3677 262 3721 esse
278 3657 438 3736 ferocem,
462 3666 600 3741 pectore
623 3658 793 3734 timidum,
811 3657 927 3720 omnia
942 3665 1064 3720 contra
1074 3657 1134 3740 jus

186 3763 221 3818 et
236 3756 290 3818 fas
307 3764 434 3821 temere
448 3758 522 3821 fore
537 3757 748 3832 moliturum,
763 3764 804 3819 ut
817 3754 964 3817 honores
977 3754 1053 3837 jam
1071 3756 1132 3818 du-

188 3852 270 3918 dum
285 3855 402 3919 multis
416 3855 599 3921 sudoribus
614 3855 805 3937 adquisitos
819 3854 991 3918 amittant.
1025 3845 1135 3917 ²Haec

220 4072 344 4138 'Gauth
356 4075 464 4125 Hortus
475 4076 646 4126 murderedin
705 4073 788 4123 'Hoec
805 4074 868 4122 idem
887 4073 969 4136 Oda]
994 4073 1134 4126 Ordericus

182 4144 225 4193 the
247 4143 344 4192 churcb
362 4144 391 4192 of
407 4145 535 4206 Odensee,
552 4160 585 4194 on
603 4145 645 4194 the
670 4144 762 4194 Vitatis
783 4146 842 4204 puts
861 4143 914 4191 into
932 4143 975 4192 the
997 4143 1084 4192 mouth
1106 4144 1136 4192 of

183 4213 241 4262 loth
263 4213 329 4273 July
350 4217 432 4276 1⁰so;
456 4214 545 4276 Autiq.
563 4214 647 4266 colto-
671 4213 740 4262 uem
752 4226 809 4261 men
819 4226 836 4260 a
846 4211 948 4273 speech,
959 4212 986 4260 in
996 4211 1082 4260 which
1090 4212 1134 4262 the

181 4281 275 4332 Scand.
285 4297 313 4342 p.
324 4285 381 4334 228.
669 4295 771 4332 reasons
791 4280 831 4330 sor
851 4281 917 4330 their
944 4281 1065 4330 rebellior
1088 4295 1132 4332 are
