3138 5184
457 568 523 668 ¹⁶.ss
712 581 844 629 noorai
870 581 917 627 nn
940 578 1148 626 wnnnovnn

299 761 352 802 an.
364 761 420 800 110⁰.
455 738 632 822 jussuum
647 740 926 816 prosequeretur,
941 735 1015 812 sed,
1036 734 1118 817 quia
1135 754 1244 816 nuper
1259 733 1302 796 de
1317 752 1417 815 pere·

461 836 656 920 grinntione
672 840 773 898 terrae
799 838 930 898 sanetae
957 852 1090 915 pauper
1104 833 1264 908 redierat,
1280 832 1417 897 distulit

463 937 507 1002 ad
528 944 664 1017 tempus
689 933 866 1014 negotium
889 939 1004 998 mente
1026 939 1245 1014 conceptum,
1270 940 1310 996 ut
1329 939 1418 1003 tem-

462 1055 546 1120 pore
569 1050 722 1116 congruo
745 1032 832 1095 illud
854 1031 990 1096 effectui
1006 1032 1229 1114 manciparet.
1284 1031 1417 1104 Eodem

463 1145 630 1217 tempore,
652 1131 816 1196 defuncto
842 1129 989 1208 Thema,
1015 1131 1225 1204 Eboraeensi
1247 1129 1418 1213 archiepi-

465 1253 584 1317 scopo,
599 1226 795 1298 ¹Gerardus
812 1231 980 1296 successit
990 1250 1005 1309 ;,
1025 1237 1061 1298 et
1075 1231 1299 1312 sigisbertus»,
1311 1229 1418 1294 Gem-

465 1332 636 1398 blacensis
656 1330 856 1406 monachus,
879 1329 1057 1412 hucusque
1072 1329 1235 1404 chronica
1251 1349 1315 1404 sua
1331 1330 1421 1393 satis

467 1433 645 1514 eleganter
661 1430 819 1512 digessit.

538 1605 587 1668 De
603 1602 715 1666 virtuto
730 1601 810 1686 repis
828 1600 1039 1686 Godesridi.et
1053 1612 1148 1672 morto
1163 1604 1345 1666 immaturo.

508 1727 639 1791 Eodem
654 1743 758 1802 anno,
771 1725 935 1790 defuncto
946 1745 1039 1809 papa
1049 1727 1204 1802 Urbano,
1216 1720 1422 1790 ²·Paschalis

467 1826 557 1890 sedit
579 1828 614 1890 in
640 1825 807 1892 cathedra
834 1825 995 1890 Romana
1026 1833 1107 1908 post
1132 1845 1210 1889 eum
1234 1827 1333 1888 annis
1358 1826 1421 1890 de·

308 1944 408 2004 neutros
419 1943 456 1983 ue
469 1945 543 1989 cem
560 1933 595 1990 et
611 1932 702 1990 octo.
738 1918 883 1988 ³Eodem
905 1943 1078 1992 annorex
1096 1925 1422 2007 Hierosolymamm

306 1996 433 2084 illd...
471 2024 692 2102 Godet'riduS,
716 2023 761 2094 ad
783 2024 986 2090 instantiam
1007 2024 1223 2107 quorundam
1246 2025 1422 2090 baronum

470 2145 625 2201 suorum,
655 2124 820 2190 Jordanis
854 2123 994 2188 flumine
1022 2124 1183 2200 transito,
1212 2123 1247 2185 in
1276 2123 1423 2204 regione

471 2224 763 2301 Ammonitarum,
784 2241 887 2305 quam
905 2230 987 2286 tunc
1010 2220 1145 2293 Arabes
1166 2223 1423 2300 inhabitabant,

470 2326 647 2406 ingentem
686 2342 831 2404 gregum
869 2327 905 2385 et
942 2328 1175 2394 armentorum
1212 2321 1423 2388 contrahens

471 2423 636 2505 praedam,
659 2441 737 2484 cum
763 2421 934 2486 manubiis
957 2421 1102 2492 infinitis
1124 2420 1272 2494 feliciter
1289 2441 1424 2486 remea-

472 2523 525 2584 vit
536 2542 557 2599 ;·=
570 2540 639 2603 quo
659 2519 791 2597 audito,
809 2518 969 2603 princeps
989 2521 1129 2602 quidam
1146 2521 1189 2592 de
1207 2527 1311 2602 gente
1329 2519 1422 2588 Ara·

472 2621 555 2683 bum
573 2618 762 2701 preclarus
780 2625 815 2682 et
832 2626 969 2700 potens,
984 2627 1089 2702 atque
1106 2620 1342 2702 indisciplina
1357 2622 1424 2686 mi·

472 2719 567 2783 litari
594 2717 881 2794 ferventissimus,
903 2738 965 2800 per
993 2719 1224 2794 internuntios
1251 2739 1337 2802 paee
1359 2719 1424 2782 im-

472 2823 623 2899 petrata,
638 2817 682 2880 ad
700 2835 817 2896 regem
832 2814 1063 2892 Godeiridum,
1076 2838 1161 2890 eum,
1168 2818 1321 2901 ejusdem
1337 2839 1426 2900 gen-

473 2917 519 2980 tis
536 2917 643 2980 nobili
659 2916 831 2980 comitatu
842 2918 1003 2984 accessit.
1038 2916 1208 2990 Audierat
1224 2919 1315 2992 euim
1333 2920 1427 2981 mul-

473 3023 585 3078 torum
604 3015 777 3088 relatione
787 3016 830 3080 de
844 3016 937 3097 regis
951 3024 988 3081 et
1001 3017 1122 3099 populi
1135 3017 1322 3090 occidentis
1339 3017 1425 3081 viri-

474 3116 538 3177 bus
555 3122 591 3178 et
608 3115 954 3197 magnificentiaqui
972 3135 1034 3197 per
1051 3122 1104 3181 tot
1121 3124 1290 3188 terrarum
1306 3119 1427 3198 spatia
1452 3131 1455 3134 ·

473 3214 673 3278 universum
684 3214 750 3277 sibi
765 3215 977 3296 subegerant·
986 3216 1155 3288 orientem
1169 3237 1177 3295 ;
1193 3216 1291 3290 ¹unde
1306 3216 1427 3281 studio

473 3333 553 3378 eum
573 3313 828 3377 ferventissimo
843 3313 960 3380 videre
980 3315 1146 3396 gestiens
1162 3314 1206 3378 ad
1224 3315 1316 3396 regis
1332 3335 1427 3396 prae·

473 3413 621 3484 sentiam
639 3412 810 3477 adductus
837 3420 1034 3482 reverenter
1050 3413 1148 3484 illum
1169 3415 1348 3492 salutavit,
1375 3424 1426 3494 et,

469 3529 560 3576 oum
581 3513 639 3576 diu
661 3530 777 3592 regem
792 3512 949 3576 intuitus
972 3514 1125 3595 corporis
1141 3513 1224 3596 ,ejus
1245 3514 1427 3595 dispositi-

469 3630 571 3676 onem
595 3611 835 3685 admiraretur,
847 3611 961 3692 ¹eoepit
982 3631 1060 3676 eum
1083 3612 1194 3676 multa
1212 3631 1354 3694 precum
1370 3614 1426 3677 in-

506 3823 654 3874 ¹Gemrdue
669 3819 818 3892 moestu]
843 3824 934 3876 ‘bomo
993 3823 1173 3892 ‘Pucinum
1191 3831 1234 3880 the
1255 3832 1366 3892 second;
1392 3834 1426 3884 he

470 3895 571 3956 quidem
589 3899 680 3943 auctus
698 3898 724 3943 et
739 3894 875 3956 litteratus,
888 3896 934 3944 sed
960 3897 1019 3945 died
1031 3899 1057 3946 in
1068 3899 1185 3960 danuary
1198 3904 1271 3950 1118.

468 3965 522 4012 vita
532 3965 656 4024 lubricus,
670 3965 696 4012 in
712 3965 877 4024 emungendis
888 3980 934 4026 per

468 4033 601 4082 indecoras
618 4033 693 4081 etiarn
711 4033 856 4082 occasiones
874 4034 933 4083 sub·
995 4033 1106 4085 8Eodem
1117 4034 1202 4106 orrea]
1222 4039 1276 4088 The
1293 4039 1427 4104 following

468 4103 577 4151 ditorum
600 4103 738 4164 marsupiis
757 4102 877 4164 callidus,
899 4108 933 4166 et,
958 4107 1108 4156 accountoi
1115 4107 1157 4156 the
1170 4109 1424 4160 lastuctsanddeatlr

469 4177 498 4220 ut
516 4173 617 4233 plurimi
633 4177 788 4232 asseverant,
802 4174 933 4224 maleficiis
957 4176 986 4224 os
996 4173 1110 4237 Godfrey
1121 4192 1166 4226 are
1184 4179 1260 4228 taken
1272 4177 1335 4227 irem
1351 4181 1424 4232 Will.

468 4243 543 4290 etiam
556 4237 698 4303 assuetus3'
727 4241 790 4291 Gal.
807 4243 932 4305 Neubrig.
956 4245 1017 4306 Tyr.
1029 4261 1055 4306 p.
1069 4250 1125 4295 ⁷⁷5.

469 4312 510 4362 ed.
522 4311 635 4372 Hearne,
645 4312 663 4360 i.
675 4327 701 4372 p.
713 4315 753 4361 2⁵.
