3138 5184
426 530 565 581 enonas
588 533 859 585 nrsronmuun.
1059 521 1124 586 173

186 764 270 842 Quod
283 765 376 829 multi
391 764 504 829 nobiles
516 765 762 850 Hierusolymam
770 766 910 851 proserii
923 767 1123 851 imperatoris

519 865 587 929 dolo
595 867 771 950 pomam.

220 987 324 1051 Circa
339 987 414 1050 dies
433 989 519 1052 istos
542 990 642 1052 multi
665 989 797 1054 nobiles
814 989 857 1052 de
881 989 1008 1054 linibus
1029 991 1120 1054 occi-
1134 1007 1188 1046 aa·
1201 1006 1255 1046 ¹¹⁰³-

174 1085 281 1150 dentis
317 1107 420 1150 cruce
458 1089 599 1169 signati,
631 1089 676 1152 ad
709 1089 776 1152 iter
812 1108 850 1152 se
887 1089 1121 1171 accingentes,
1132 1057 1234 1096 cm

174 1185 274 1248 duces
300 1186 496 1251 habuerunt
518 1187 650 1251 nobiles
675 1188 769 1252 viros
792 1195 828 1251 et
848 1195 1008 1269 potentes
1030 1189 1120 1253 Wil-

173 1282 321 1364 lelmum,
339 1283 541 1366 Aquitaniae
558 1286 695 1362 ducem,
716 1280 921 1368 'Hugoncm
941 1307 1119 1368 magnum,

173 1385 330 1447 comitem
362 1383 659 1462 Viromadensem,
689 1387 749 1466 qui
780 1405 890 1468 nuper
924 1387 969 1448 ab
1000 1386 1120 1451 eadem

174 1483 448 1564 peregrinatione
477 1485 638 1560 redierat,
666 1477 897 1567 ²Stephanum
927 1484 1120 1548 Garnoten-

174 1601 238 1644 sem
268 1590 305 1646 et
328 1582 528 1646 Blesansem
549 1583 722 1659 comitem,
746 1603 825 1647 cum
850 1583 1039 1665 Stephano,
1063 1605 1121 1649 co·

173 1681 250 1744 mite
286 1682 544 1763 Burgundensi.
601 1681 652 1745 Hi
685 1702 803 1746 omnes
830 1703 900 1746 uno
932 1683 1120 1765 eodemque

174 1779 340 1844 desiderio
368 1782 504 1845 accensi
536 1801 616 1845 cum
643 1782 746 1846 turba
770 1802 841 1846 non
867 1781 1003 1845 modica
1029 1782 1120 1846 Gon-

171 1880 431 1962 stantinopolim
457 1887 714 1962 pervenerunt3
751 1881 811 1944 ubi
841 1882 886 1944 ab
912 1880 1119 1963 imperatore

173 1976 298 2042 Alexio
324 1987 520 2044 reverenter
554 1978 615 2043 sed
652 1979 772 2045 dolose
798 1979 952 2063 suscepti
977 1981 1119 2045 invene·

173 2083 249 2141 'runt
276 2079 324 2142 ibi
348 2079 507 2142 comitem
531 2078 781 2157 Tholosanum,
798 2079 871 2162 qni,
887 2080 994 2143 semel
1020 2099 1119 2162 pere·

173 2177 366 2258 grinatione
393 2178 543 2260 incepta,
563 2198 738 2261 nunquam
768 2179 812 2242 ad
840 2179 980 2261 propria
1008 2178 1120 2244 redire

174 2277 378 2358 proposuit;
412 2278 472 2359 qui
499 2297 631 2354 omnes,
662 2285 800 2361 sumpta
833 2278 877 2342 ab
910 2277 1119 2359 imperatore

172 2374 323 2452 licentia,
340 2376 500 2440 comitem
511 2376 750 2441 Tholosanum
766 2377 866 2460 qnasi
877 2377 1119 2460 productorem

173 2473 348 2551 habentes,
357 2477 504 2540 transito
516 2475 760 2558 Hellesponto,
776 2476 934 2540 Nicaeam
943 2476 1118 2558 Bithynis

174 2576 290 2638 urbem
317 2574 518 2657 attigerunt.
571 2576 670 2639 Tunc
695 2576 883 2658 imperator
907 2574 1055 2639 Alexius
1085 2583 1120 2640 et

173 2674 326 2753 proditor
354 2674 596 2757 nequissimus,
624 2682 821 2739 nostrorum
850 2675 1008 2739 invidens
1040 2695 1119 2739 suc-

174 2773 337 2850 cessibus,
364 2774 576 2856 principibus
603 2775 797 2839 'lurcorum
827 2773 1028 2850 infidelium,
1057 2795 1120 2857 per

174 2890 258 2951 quos
273 2874 446 2954 peregrini
462 2874 641 2937 transituri
657 2881 767 2950 erant,
776 2875 917 2938 crebras
929 2874 1120 2938 transmisit

174 2971 350 3053 epistolas,
372 2972 560 3037 exhortans
584 2974 752 3038 attentius
773 2992 816 3036 ne
839 2980 974 3037 tantum
1002 2973 1120 3038 Chris-

174 3069 344 3134 tianorum
370 3073 534 3154 populum
558 3073 664 3136 libere
690 3073 838 3136 transire
860 3071 896 3134 in
920 3090 1018 3136 suam
1044 3090 1119 3155 per-

174 3169 294 3244 niciem
321 3178 532 3252 paterentur.
586 3171 709 3235 Nostri
732 3178 848 3240 autem
873 3171 973 3234 nimis
1000 3173 1119 3236 incon-

172 3269 261 3332 sulte
283 3277 439 3350 agentes,
459 3277 494 3334 ct
520 3271 606 3334 nihil
629 3271 761 3334 sinistri
782 3271 1011 3353 suspicantes,
1030 3271 1119 3335 divi·

172 3368 218 3430 sis
241 3369 436 3450 agminibus
452 3369 668 3446 incedebant,
687 3370 860 3435 vinculum
878 3370 1034 3434 caritatis
1050 3389 1119 3434 non

171 3465 360 3548 babentes;
383 3469 474 3532 unde
490 3468 564 3533 dati
584 3476 666 3533 sunt
683 3470 720 3532 in
741 3488 864 3532 manus
880 3467 1118 3533 insidiantium

174 3565 376 3645 Turcornm,
391 3568 442 3632 ita
458 3566 550 3649 quod
565 3587 611 3631 ex
626 3569 676 3632 eis
695 3588 767 3633 una
788 3568 843 3632 die
866 3568 1063 3633 ceciderunt
1084 3569 1120 3632 in

173 3684 230 3728 ore
261 3666 369 3748 gladii
401 3667 586 3750 plusquam
612 3667 804 3749 quingenta
830 3667 940 3731 millia
963 3687 1120 3750 peremp-

173 3769 296 3828 torum.
349 3764 485 3844 Quibus
517 3773 634 3830 autem
663 3783 864 3830 concessum
890 3774 944 3830 est
968 3767 1120 3831 bostium

208 4007 492 4080 magnamnagnam]
502 4012 634 4074 ‘Philippi
657 4013 708 4062 and
717 4015 868 4075 reproaches
876 4015 905 4065 oi
911 4014 996 4064 Adela
1002 4013 1043 4063 bis
1050 4015 1120 4076 wile,

172 4081 239 4140 regis
257 4081 411 4130 Francorum
430 4076 524 4132 frater?
561 4083 633 4132 Will.
657 4084 732 4132 sister
753 4089 779 4132 to
800 4084 843 4134 the
865 4084 975 4147 liugos
994 4085 1121 4146 England‚

171 4150 230 4210 Tyr.
241 4166 267 4212 p.
279 4155 337 4199 ⁷82.
657 4167 725 4202 were
736 4155 801 4202 used
812 4158 838 4202 to
849 4155 941 4203 induce
959 4154 1011 4202 bim
1027 4159 1053 4202 to
1065 4155 1120 4216 j0in

206 4216 217 4248 ²
232 4218 412 4282 Stephanum]
440 4219 585 4282 According
607 4224 633 4268 to
657 4222 683 4270 in
697 4222 748 4271 this
763 4222 856 4272 second
872 4223 1038 4285 expedition!
1071 4223 1121 4270 Mi-

172 4289 309 4338 Orderlcbs
326 4289 429 4351 vitalis,
447 4289 507 4338 ‘the
528 4304 634 4351 prayers
657 4291 751 4354 cbaud,
762 4294 790 4343 ii.
802 4308 828 4354 p.
839 4296 896 4343 489.
