3138 5184
442 517 506 582 190
693 531 828 577 aocsnr
853 531 900 578 nn
924 530 1131 579 wsuoovnn

280 706 335 748 no.
346 708 402 748 rm.
442 685 564 752 consul
580 693 661 768 post
677 705 755 749 eum
772 685 863 749 tilius
881 686 957 769 ejus
975 684 1209 750 Baldcwiuns.
1260 686 1393 749 Eodem

443 805 533 850 anno
565 784 686 862 Sidon,
719 785 842 849 civitas
874 786 911 848 in
942 785 1047 848 maris
1080 785 1236 867 margine
1264 786 1394 867 posita,

441 884 619 950 obsidetur
637 891 672 948 et
687 885 824 966 capitur
840 903 861 947 a
875 903 957 966 rege
969 883 1191 949 Hierusalem
1208 884 1394 984 magnifico

442 984 653 1049 Baldewino.

482 1153 571 1236 Quod
583 1153 728 1220 desasto
742 1153 845 1219 oritur
859 1155 941 1250 inter
948 1176 1071 1240 papum
1086 1163 1114 1219 et
1130 1156 1357 1240 imperatorem.

280 1309 401 1348 nomn.
492 1277 596 1344 Anno
608 1278 750 1344 Domini
761 1277 990 1342 ucxr1.facta
1001 1272 1257 1343 est¹contentio
1268 1278 1394 1342 Romae

278 1359 420 1449 ffliilllll,
440 1377 532 1442 inter
552 1397 680 1461 papam
703 1376 908 1442 Paschalem
930 1385 966 1441 et
990 1376 1182 1442 Henricum
1206 1379 1397 1460 imperato-

278 1459 382 1558 223,ssss
442 1496 524 1554 rem,
539 1476 605 1540 hac
615 1477 658 1540 de
668 1495 789 1556 causa;
809 1477 1005 1558 Imperator
1021 1478 1072 1541 uti
1083 1477 1194 1542 voluit
1210 1477 1395 1559 privilegio

442 1583 698 1640 antecessorum
720 1595 861 1639 suorum
881 1574 1000 1639 habito
1026 1577 1126 1640 annis
1146 1576 1307 1641 trecentis
1325 1579 1393 1640 sub

443 1674 612 1740 Romanis
634 1675 853 1758 pontificibus
879 1674 1076 1756 sexaginta,
1097 1676 1157 1758 qui
1176 1675 1271 1739 licite
1289 1675 1395 1739 dede·

442 1780 521 1838 rant
553 1775 774 1856 episcopatus
803 1782 839 1838 et
870 1773 1029 1838 abbatias
1062 1794 1125 1856 per
1158 1774 1324 1838 annulum
1355 1784 1395 1839 et

442 1873 604 1938 baculum
621 1873 847 1955 pastoralem
870 1893 890 1936 e
905 1880 1026 1937 contra
1039 1875 1226 1938 censebant
1240 1873 1395 1938 Romani

442 1973 635 2055 pontifices,
657 1993 721 2037 nec
741 1992 844 2055 posse
866 1992 931 2036 neo
946 1972 1070 2037 debere
1086 1973 1160 2037 dari
1174 1992 1237 2054 per
1253 1973 1392 2054 virgam

442 2072 497 2137 vel
527 2072 694 2138 annulum
723 2072 973 2155 episcopatum,
996 2071 1052 2138 vel
1074 2072 1227 2155 aliquam
1250 2073 1394 2136 institu-

442 2172 572 2238 tionem
605 2171 875 2236 ecclesiasticam
903 2190 925 2235 a
950 2191 1056 2235 manu
1084 2172 1235 2254 recipere
1264 2171 1396 2236 laicali.

444 2270 555 2336 Facta
579 2279 633 2336 est
654 2278 770 2335 autem
794 2291 866 2353 pax
886 2271 976 2337 inter
997 2272 1239 2352 imperatorem
1262 2270 1396 2334 chri-

440 2387 520 2434 cum
549 2379 584 2436 et
608 2390 736 2452 papam
763 2369 982 2448 Paschalem,
1004 2371 1056 2434 ita
1084 2376 1124 2433 ut
1153 2370 1306 2452 episcopi
1332 2370 1396 2434 de-

441 2469 560 2552 inceps
575 2476 610 2532 et
632 2470 776 2532 abbates
791 2468 1043 2533 institutionem
1066 2469 1240 2551 accipiant
1261 2470 1305 2532 db
1327 2470 1396 2532 im-

443 2574 614 2649 peratore,
634 2574 671 2630 et
702 2568 774 2631 suis
804 2569 1061 2632 successoribus
1094 2588 1156 2651 per
1189 2568 1324 2650 virgam
1353 2577 1394 2632 et

441 2666 619 2742 annulum,
652 2673 687 2730 et
717 2667 813 2749 prius
843 2667 973 2731 faciant
1004 2667 1180 2751 episcopo,
1211 2667 1256 2731 ad
1286 2688 1394 2751 quem

440 2765 657 2848 pertinuerit,
689 2767 891 2831 canonicam
923 2766 1166 2843 obedientiam,
1202 2774 1236 2832 et
1270 2787 1396 2831 conse.

440 2865 629 2928 cretionem
654 2866 827 2948 accipiant
847 2873 1070 2930 consuetam:
1102 2873 1184 2930 acta
1202 2886 1284 2930 vero
1306 2876 1393 2932 sunt

439 2963 514 3028 haec
540 2970 622 3028 aute
643 2965 753 3030 altare
780 2965 1016 3048 apostolorum
1045 2965 1143 3030 Petri
1170 2973 1207 3030 et
1226 2965 1328 3029 Pauli
1350 2967 1393 3030 in

439 3062 551 3128 oculis
568 3065 733 3141 omnium,
749 3072 785 3128 ct
806 3064 856 3128 sic
876 3083 969 3147 papa
988 3085 1114 3147 corpus
1139 3063 1269 3129 Christi
1292 3065 1394 3131 dedit

439 3161 650 3243 imperatori.
700 3163 797 3228 Obiit
811 3163 933 3228 eodem
946 3183 1038 3228 anno
1052 3164 1266 3242 Tancredus,
1277 3164 1331 3229 vir
1346 3165 1395 3228 il-

439 3260 558 3328 lustris
576 3269 612 3326 et
629 3264 665 3326 in
680 3263 815 3327 actibus
823 3262 1157 3346 Hierosolymitanis
1171 3263 1394 3345 magnificuS‚

440 3361 500 3444 qui
513 3362 672 3444 princeps
689 3361 970 3428 eratAntiochiae
986 3370 1022 3427 et
1039 3382 1153 3428 comes
1170 3363 1391 3444 Edessanus3

439 3460 495 3524 cui
512 3462 679 3526 successit
695 3460 858 3543 Rogatus
875 3462 967 3525 filius
986 3461 1164 3539 Richardi,
1180 3462 1234 3526 vir
1249 3464 1394 3542 nobilis,

398 3568 405 3574 ’
440 3578 482 3622 ea
499 3559 706 3637 conditione,
722 3567 771 3637 ut,
788 3561 1066 3645 quandocunque
1086 3562 1312 3627 Boamundus
1327 3563 1393 3646 ju-

440 3658 516 3724 nior
541 3657 765 3725 Antiochiam
789 3668 997 3744 reposceret,
1018 3661 1069 3726 illi
1096 3662 1170 3726 sine
1193 3662 1393 3726 contradic-

440 3757 533 3822 tione
546 3759 749 3840 resignaret.

429 4004 432 4011 ·
473 3978 621 4030 ¹Ccnteatio
638 3976 747 4049 Rome]
773 3983 899 4032 Berenice
924 3983 974 4032 and
991 3997 1114 4046 emperor,
1133 3984 1218 4033 which
1234 3999 1343 4047 appears
1363 3992 1394 4038 to

437 4050 484 4099 has
503 4050 624 4100 collected
642 4050 685 4101 the
704 4052 899 4103 circumstances
924 4054 988 4104 have
1009 4053 1087 4102 taken
1110 4055 1184 4117 place
1205 4069 1239 4103 on
1260 4056 1304 4105 the
1327 4059 1391 4108 llth

437 4121 573 4170 connected
583 4119 646 4168 with
662 4119 713 4170 this
729 4127 900 4185 controversy,
925 4123 1000 4185 April
1012 4127 1086 4173 1111.

436 4190 487 4238 and
495 4190 537 4239 the
549 4190 773 4240 reconciliationes
782 4192 825 4242 the
833 4208 899 4256 pope
