3104 5186
461 547 526 612 106
718 560 853 608 uocum
877 559 924 609 un
947 558 1153 608 wannovna

298 741 353 781 nn.
366 742 421 780 noa.
461 717 667 782 instruebat.
694 715 920 779 Boamundus
933 735 1083 798 quoque,
1100 734 1201 779 versa
1209 715 1299 792 viee,
1308 716 1413 779 amici

297 791 447 883 diffiido.
461 817 516 880 sui
537 815 736 880 occultabat
758 833 935 892 arcanum,
958 815 1011 879 ita
1033 821 1072 878 ut
1094 814 1209 878 nullus
1231 814 1412 880 internun-

462 917 589 981 tiorum
604 915 783 979 alterutrae
800 915 911 997 partis
934 913 1075 996 aliquod
1097 922 1309 978 secretorum
1331 932 1413 996 pos-

460 1023 515 1080 set
539 1014 702 1096 colligere
726 1020 980 1094 argumentum.
1033 1011 1190 1096 Cumque
1210 1013 1285 1097 jam
1310 1013 1412 1096 quasi

461 1115 638 1179 mensibus
664 1120 797 1196 septem
821 1112 896 1176 haec
919 1131 958 1177 se
979 1111 1071 1176 iuter
1092 1131 1151 1177 eos
1173 1112 1413 1176 continuasset

462 1214 628 1291 amicitia,
648 1213 851 1295 plerumque
871 1210 1012 1276 habitus
1029 1219 1083 1276 est
1104 1230 1217 1277 sermo
1238 1211 1330 1276 iuter
1352 1230 1413 1276 eos

463 1313 636 1396 quomodo
653 1311 862 1376 christianae
878 1310 1036 1392 religioni
1054 1311 1178 1376 civitas
1191 1310 1413 1390 redderetur3

463 1421 499 1478 et
522 1431 602 1476 cum
628 1429 734 1493 super
756 1409 822 1475 hoc
845 1430 868 1474 a
889 1410 1094 1474 Boamundo
1117 1409 1259 1492 Emyser
1283 1411 1414 1493 saepius

464 1518 557 1575 esset
584 1516 787 1587 conventus,
811 1509 918 1573 semel
943 1510 976 1575 ei
998 1528 1061 1591 per
1085 1509 1194 1573 lilium
1216 1527 1331 1587 suum,
1353 1511 1413 1591 qui

464 1616 677 1674 secretorum
693 1616 769 1673 erat
785 1608 936 1692 bajuluS,
953 1608 1080 1673 dicitur
1093 1607 1323 1691 respondisse,
1350 1608 1415 1672 ‘Si

464 1709 613 1793 patriam
635 1708 792 1791 pristinae
815 1709 998 1773 restituere
1020 1707 1185 1785 libertati,
1204 1714 1241 1774 et
1261 1708 1414 1772 exclusis

465 1809 610 1873 canibus
631 1807 829 1885 immundis,
843 1827 991 1890 querum
1006 1806 1161 1872 violenta
1179 1806 1414 1872 dominatione

465 1908 665 1990 premimur,
681 1906 848 1990 populum
863 1905 933 1971 Dei
956 1906 1124 1972 cultorem
1145 1925 1283 1988 possem
1304 1907 1415 1972 iutro·

465 2007 602 2084 ducere,
622 2012 738 2071 certus
765 2024 842 2070 sum
862 2005 955 2089 quod
978 2025 1057 2070 eum
1081 2006 1211 2070 sanctis
1232 2007 1415 2072 animabus

465 2114 605 2170 aeternae
628 2105 854 2170 beatitudinis
878 2105 1021 2187 praemia
1045 2104 1251 2187 possidebo;
1277 2104 1415 2170 sivero

464 2225 537 2270 rem
551 2205 725 2288 inceptam
746 2222 985 2267 consummare
1001 2204 1201 2286 nequivero,
1214 2203 1335 2286 procul
1352 2203 1416 2266 du-

463 2306 521 2368 bio
539 2303 662 2368 domus
684 2321 761 2366 mea
778 2309 814 2366 et
832 2303 1009 2385 praeclarae
1026 2321 1151 2366 nomen
1165 2300 1306 2366 familiae
1327 2321 1414 2367 meae

465 2404 646 2481 delebitur,
664 2403 716 2467 ita
729 2409 768 2466 ut
786 2422 855 2465 non
871 2409 1080 2467 memoretur
1096 2420 1221 2466 nomen
1242 2401 1336 2464 illius
1361 2402 1415 2465 ul-

466 2509 545 2581 tra;
579 2502 639 2565 sed
663 2502 693 2564 si
718 2508 758 2565 tu
784 2500 850 2565 hoc
872 2519 992 2584 posses
1017 2500 1110 2584 apud
1134 2508 1214 2565 tuos
1236 2509 1416 2566 consortes

466 2602 634 2678 obtinere,
658 2599 750 2682 quod
773 2599 963 2679 civitatem,
985 2620 1061 2665 meo
1082 2601 1146 2664 tibi
1168 2599 1285 2665 studio
1307 2600 1416 2664 tradi-

465 2708 549 2777 tam,
564 2707 661 2764 tuam
677 2699 901 2783 appropriare
916 2707 951 2764 et
968 2701 1005 2762 iu
1019 2708 1099 2765 tuos
1114 2718 1198 2764 usus
1214 2706 1415 2765 convertere

464 2799 647 2875 voluisses,
664 2819 730 2880 ego
747 2800 799 2863 tui
821 2799 937 2880 gratia
956 2800 1001 2864 ad
1023 2817 1111 2881 opus
1133 2798 1338 2882 praedictum
1360 2818 1416 2864 me

465 2900 656 2980 accingam,
679 2905 715 2963 et
737 2899 859 2962 turrim
885 2916 997 2962 meam
1023 2897 1287 2962 munitissimam
1312 2897 1416 2976 hanc,

464 2992 519 3061 ut¹
546 2997 655 3075 videa,
681 2998 744 3062 tibi
766 2997 914 3075 tradam,
937 2998 1028 3061 unde
1054 2997 1266 3081 principibus
1288 2998 1416 3062 vestris

464 3098 552 3161 liber
570 3098 605 3162 in
627 3097 803 3161 civitatem
827 3103 947 3180 patere
966 3097 1095 3180 poterit
1114 3097 1304 3180 ingressus.
1357 3096 1414 3161 Ad

465 3195 552 3273 haec,
572 3197 722 3274 noveris,
741 3195 834 3278 quod
856 3197 924 3260 nisi
945 3195 1011 3266 hoc
1037 3197 1073 3259 in
1098 3197 1262 3279 proximo
1282 3195 1357 3274 fiat,
1379 3197 1416 3260 in

464 3303 669 3378 perpetuum
683 3295 871 3373 differetur,
887 3296 1031 3360 veniunt
1053 3294 1144 3360 enim
1165 3297 1202 3360 in
1223 3295 1416 3360 subsidium

464 3395 617 3459 civitatis
635 3413 680 3459 ex
695 3395 788 3459 omni
804 3395 936 3459 oriente
953 3395 1108 3478 equitum
1126 3396 1277 3460 ducenta
1292 3395 1416 3471 millia,

463 3495 523 3577 qui
535 3495 610 3579 jam
622 3495 714 3558 circa
724 3494 934 3576 Euphratem
948 3502 1065 3558 castra
1078 3493 1299 3560 statuerunt!
1326 3493 1417 3559 Haec

464 3594 609 3657 audiens
630 3592 854 3658 Boamundus
876 3595 973 3658 veuit
994 3593 1032 3657 iu
1053 3600 1169 3658 castra
1193 3601 1240 3671 et,
1263 3593 1416 3677 majores

463 3693 636 3776 principes
652 3713 674 3756 a
690 3695 793 3757 turba
812 3712 967 3758 seorsum
989 3693 1178 3770 advocans,
1195 3695 1246 3757 ita
1265 3692 1415 3776 alloqui·

464 3800 522 3857 tur
544 3792 673 3869 dicens,
700 3791 839 3866 ‘Video
866 3811 942 3870 vos,
964 3792 1089 3857 fratres
1123 3792 1350 3869 dilectissimi,
1373 3792 1416 3855 de

464 3892 617 3956 adventu
634 3891 728 3955 illius
744 3891 975 3956 multitudinis
993 3899 1205 3956 armatorum
1223 3899 1258 3956 et
1275 3891 1414 3955 illorum

464 3990 562 4054 ducis
586 3990 803 4055 Gorbarauui
835 3991 941 4054 nimia
971 3990 1204 4055 sollicitudine
1234 3992 1417 4068 macerari,

464 4091 525 4171 qui
547 4090 623 4173 jam
652 4089 866 4154 obsidionem
894 4089 1037 4156 Edessae
1063 4091 1228 4166 civitatis,
1258 4090 1319 4152 ubi
1354 4110 1417 4172 per

464 4196 536 4252 tres
554 4189 768 4272 septimanas
784 4189 1027 4268 consederunt,
1043 4191 1087 4254 ad
1105 4190 1171 4254 hoc
1190 4189 1420 4272 reliquerunt,

633 4344 640 4375 ¹
657 4348 792 4412 Ursum]
815 4349 869 4397 The
881 4353 960 4398 tower
972 4349 1002 4398 ol
1010 4350 1052 4398 the
1059 4349 1140 4399 Three
1151 4350 1251 4399 Sistens.
