3144 5180
462 529 528 595 312
715 546 849 594 nouum
873 543 921 591 ΠΕ
943 544 1151 592 WENDOVER

306 715 428 756 sunu·
463 700 678 787 judicarunt,
709 700 900 782 pracsertim
930 718 1007 764 cum
1035 699 1132 762 nulla
1157 698 1298 761 mobilia
1328 697 1417 779 praess

468 808 628 881 terquam
645 798 687 862 de
711 799 811 863 bonis
826 798 980 862 ecclesiae
1001 804 1072 861 tuac
1089 797 1262 873 habueris,
1282 797 1418 860 irritam

467 900 607 982 penitus
630 917 706 962 esse
729 915 908 961 censemus
936 903 973 960 et
996 915 1073 960 eam
1090 896 1306 959 auctoritate
1334 915 1418 976 apo·

469 998 595 1064 stolica
618 1015 820 1075 cassamus3
843 1001 1049 1072 statuentes
1076 1003 1117 1057 ut
1136 994 1252 1057 nullas
1279 993 1315 1056 in
1338 1012 1418 1074 pos·

471 1103 582 1160 terum
605 1095 695 1160 vires
716 1094 883 1170 obtineat,
906 1093 961 1156 vel
988 1094 1051 1156 tibi
1075 1099 1137 1156 aut
1160 1092 1418 1172 successoribus

470 1195 554 1272 tuis,
578 1213 639 1258 scu
668 1191 823 1257 ecclesiae
850 1199 920 1255 tuae
946 1191 1187 1272 gubernationi
1213 1190 1419 1266 commissae,

466 1292 613 1374 aliquod
638 1292 674 1355 in
702 1298 877 1374 posterum
903 1290 1022 1355 ‘valeat
1049 1288 1287 1373 praejudicium
1314 1308 1417 1369 gene·

473 1411 563 1455 rare.
611 1390 783 1454 Caeterum
809 1389 839 1452 si
862 1388 923 1465 hii,
948 1389 1067 1470 quiin
1093 1387 1367 1469 possessionibus
1381 1393 1420 1450 et

471 1489 573 1553 bonis
598 1488 752 1552 ecclesiae
777 1494 847 1550 tuae
870 1487 934 1550 tibi
954 1492 1017 1550 aut
1043 1486 1114 1550 tuis
1139 1483 1196 1549 val
1218 1485 1421 1568 violentiam

473 1587 530 1650 val
544 1586 712 1670 injuriam
737 1585 940 1660 intulerunt,
965 1584 1118 1666 legitime
1138 1584 1335 1648 commoniti
1358 1603 1420 1647 vo-

473 1685 527 1748 bis
549 1684 669 1748 ablata
687 1683 869 1748 restituere
886 1691 922 1748 et
940 1683 1211 1748 satisfactionem
1231 1701 1421 1762 congruam

475 1781 637 1846 exhibere
662 1782 852 1858 noluerint,
882 1788 920 1845 tu
947 1781 990 1844 in
1024 1800 1096 1858 eos,
1119 1781 1157 1844 si
1184 1787 1421 1863 opportunum

475 1899 551 1945 csse
565 1879 704 1957 videris,
726 1880 994 1944 ecclesiasticam
1007 1879 1180 1963 justitiam
1195 1899 1264 1944 non
1283 1878 1423 1942 differas

475 1997 648 2054 exercere,
671 1986 706 2041 et
727 1996 789 2042 nos
812 1979 895 2060 quid
919 1979 998 2041 inde
1021 1978 1274 2042 rationabiliter
1297 1976 1422 2040 feceris

474 2085 587 2167 ratum
609 2077 810 2140 habebimus
834 2085 939 2159 atque
962 2077 1117 2156 firmum3
1143 2076 1324 2141 venumda
1345 2095 1424 2157 per·

474 2195 562 2242 sona
593 2175 684 2256 regis
707 2175 856 2256 speciale
879 2175 942 2238 tibi
967 2173 1168 2238 mandatum
1186 2193 1263 2238 ,non
1286 2174 1424 2250 damus,

475 2294 539 2338 nec
566 2282 681 2337 tamen
711 2274 747 2336 in
777 2272 894 2354 aliquo
922 2274 984 2336 tibi
1009 2273 1069 2356 jus
1094 2273 1303 2354 pontificale,
1328 2271 1424 2354 quod

475 2373 512 2436 in
541 2372 797 2436 consecratione
826 2379 886 2434 tua
915 2371 1110 2453 suscepisti,
1137 2371 1331 2448 adimimus,
1360 2371 1423 2434 sed

476 2469 589 2551 ipsum
606 2470 752 2533 illaesum
767 2469 937 2533 voluimus
953 2467 1181 2540 conservate?
1231 2465 1289 2547 Et,
1304 2469 1357 2533 his
1373 2470 1427 2532 ita

476 2568 597 2648 gastiS,
618 2565 771 2630 Thomas
795 2566 1073 2648 archiepiscopus
1089 2567 1138 2632 ad
1154 2567 1423 2632 Pontiniaccnse

476 2664 670 2730 coenobium
687 2665 865 2752 remeavit.

503 2840 590 2918 Quod
603 2838 766 2917 Mattldn,
773 2839 851 2922 filiu
867 2841 959 2924 rapis,
975 2840 1053 2904 docco
1068 2841 1212 2905 Souania
1227 2840 1410 2904 muniatur.

316 2963 453 3060 ffissfifflf
529 2962 633 3028 Anno
654 2961 795 3025 Domini
813 2978 952 3025 Monxv.
974 2955 1221 3042 ¹Reginaldus,
1239 2962 1424 3027 Colonien-

315 3062 454 3150 ffiffiffffl
479 3061 527 3123 sis
545 3060 836 3141 archiepiscopus,
853 3061 912 3141 qui
934 3059 1084 3124 schisma
1101 3061 1286 3126 Octaviani
1302 3061 1426 3125 contra

480 3177 607 3240 papam
632 3158 767 3223 foverat
789 3158 1041 3236 Alexandrum,
1066 3160 1162 3224 venit
1190 3160 1283 3242 apud
1308 3159 1425 3223 West-

479 3257 726 3321 monasterium
750 3256 794 3319 ad
810 3275 927 3338 ragam
945 3256 1136 3343 Hanricum
1156 3264 1361 3340 accepturus
1386 3258 1426 3320 in

479 3356 662 3438 conjugem
680 3353 875 3430 Matildem,
898 3354 1004 3418 filiam
1018 3357 1118 3436 regis
1145 3357 1427 3439 primogenitam,

480 3453 636 3517 Hanrico
659 3453 738 3515 duci
759 3452 942 3531 Saxoniae3
966 3453 1022 3517 cui
1046 3473 1124 3516 cum
1143 3461 1326 3535 magnates
1348 3451 1427 3516 An-

480 3551 561 3631 gliee
591 3550 792 3614 solemniter
821 3551 1063 3629 occurrissent,
1092 3552 1278 3628 Robortus,
1309 3571 1429 3615 comes

481 3649 712 3730 Legccostriae
734 3654 769 3711 et
784 3647 1000 3731 justiciarius
1023 3651 1128 3730 rogis,
1151 3650 1305 3713 illumin
1323 3669 1428 3713 oscu-

476 3747 552 3808 lum
579 3766 649 3810 non
672 3745 812 3826 recapit,
839 3749 1156 3811 excommunicatus
1184 3747 1274 3811 enirn
1302 3754 1377 3811 erat
1403 3769 1430 3812 a

480 3863 574 3926 papa
596 3853 632 3908 at
649 3863 719 3907 non
733 3843 933 3920 absolutus,
955 3845 1044 3908 unde
1067 3845 1203 3922 altaria,
1226 3865 1330 3927 super
1346 3866 1429 3927 quae

479 3942 537 4004 illc
558 3941 799 4006 schismaticus
819 3941 1019 4019 celebravit,
1039 3945 1168 4025 passim
1185 3952 1268 4007 sunt
1285 3945 1430 4007 subver-

478 4060 529 4104 sa.
585 4041 828 4104 Eodemanno
845 4038 990 4105 Alienor
1005 4042 1126 4122 regina
1142 4043 1216 4124 regi
1229 4039 1430 4122 Anglorum

740 4247 931 4310 illeximus]
943 4248 1099 4309 Diccto,col.
1108 4251 1165 4298 539.
