3178 5194
435 536 502 600 428
693 551 901 602 accustus
924 549 1133 600 wuuoovua

277 732 401 772 rarus.
441 729 482 774 eo
507 730 578 775 non
599 711 797 790 certiorato,
818 703 1016 775 ¹castellum
1039 709 1219 792 Radulphi
1245 710 1398 776 latenter

439 810 617 891 ingressus
640 816 695 876 est
720 819 756 876 et
775 821 894 876 omues
915 811 952 874 in
978 810 1039 874 illo
1064 817 1220 892 repertos
1244 810 1288 873 ad
1311 810 1399 874 fide·

439 908 574 974 litatem
588 911 654 974 sibi
671 910 865 976 faciendam
882 909 996 992 coegit
1010 929 1018 989 ;
1037 908 1131 991 quod
1150 908 1280 974 factum
1293 916 1395 974 tauto

439 1009 587 1093 principi
608 1010 872 1091 ignominiosum
890 1009 1083 1085 videbatur,
1106 1028 1185 1072 cum
1201 1009 1396 1091 praesertim

440 1127 506 1172 rex
534 1107 728 1191 Anglorum
762 1116 843 1192 post
871 1125 1008 1172 crucem
1038 1115 1236 1190 susceptam
1269 1109 1394 1171 trausi-

441 1214 539 1274 turus
561 1209 598 1272 in
626 1206 794 1291 Angliam
818 1208 892 1289 regi
918 1204 1131 1272 Francorum
1156 1208 1266 1271 totius
1290 1199 1400 1272 terrae

440 1325 514 1372 suae
536 1306 731 1372 custodiam
748 1307 959 1373 tradidisset.
1001 1306 1136 1371 Deinde
1156 1325 1220 1370 rex
1240 1307 1395 1371 Franco-

439 1425 517 1469 rum
546 1407 755 1472 castellanos
783 1406 961 1490 quosdam.
983 1407 1058 1488 regi
1087 1404 1284 1488 Anglorum
1311 1408 1395 1470 sub-

435 1504 551 1589 jectos
578 1506 614 1570 in
645 1526 746 1570 suum
773 1506 929 1571 favorem
956 1515 1029 1570 tam
1058 1505 1159 1568 minis
1183 1524 1288 1587 quam
1313 1521 1396 1588 pro-1

439 1604 555 1668 missis
578 1607 746 1686 attraxit3
771 1611 807 1670 et
830 1607 893 1682 sic,
915 1605 1082 1669 instinctu
1106 1604 1291 1682 diabolico,
1310 1611 1392 1686 post

439 1722 577 1768 crucem
607 1711 804 1788 susceptam
828 1698 948 1786 ²reges
974 1703 1150 1790 discordes
1177 1703 1288 1767 effecti
1316 1722 1395 1766 mu-

439 1802 509 1870 tuis
538 1821 615 1870 sese
641 1804 777 1868 damnis
807 1803 852 1867 ad
882 1804 1030 1869 invicem
1059 1801 1269 1879 afflixerunt,
1297 1802 1391 1866 unde

439 1921 505 1968 rex
527 1899 725 1985 Anglorum
750 1904 966 1968 Francorum
991 1904 1169 1984 ingressus
1200 1921 1345 1984 regnum
1371 1921 1393 1967 a

440 2001 607 2067 Veruolio
638 2022 748 2085 usque
782 2002 993 2066 Meduanam
1023 2003 1187 2065 universa
1216 2002 1392 2066 contrivit.

395 2147 399 2154 -
441 2101 571 2165 Eodem
590 2122 681 2168 anno
700 2103 908 2179 Richardus,
924 2101 1176 2177 wintoniensis
1199 2101 1393 2183 episcopus,

440 2200 526 2265 obiit
550 2202 732 2267 undecimo
761 2201 929 2266 kalendas
954 2200 1117 2265 Januarii
1141 2207 1177 2265 et
1202 2201 1392 2266 Wintoniae

440 2301 597 2383 sepultus
611 2309 678 2366 est.

534 2471 678 2560 Epistola
694 2471 871 2551 Frudert'ui,
886 2471 1084 2558 inperatoris
1098 2472 1246 2551 Romul,
1261 2473 1307 2537 ud

806 2572 1029 2638 dulcedinum.

277 2737 428 2778 terreorum
490 2709 621 2774 Eodem
641 2731 733 2775 anno
755 2710 971 2788 FredericuS,
991 2709 1229 2775 Romanorum
1247 2709 1395 2790 impera·

278 2792 404 2877 illiti
440 2816 507 2887 tor,
525 2809 712 2874 Salaadino
734 2810 875 2892 scripsit
895 2830 959 2893 pro
979 2808 1119 2891 negotio
1140 2817 1241 2872 terrae
1261 2814 1392 2871 sanctae

440 2911 506 2972 sub
524 2908 590 2973 hac
607 2908 718 2973 forma
732 2930 741 2989 ;
764 2903 794 2942 ³‘
811 2909 1027 2986 FredericuS,
1046 2908 1112 2971 Dei
1129 2907 1243 2988 gratia
1260 2905 1396 2970 Roma-

440 3027 563 3074 norum
594 3008 782 3091 imperator
813 3029 950 3092 semper
981 3013 1150 3088 augustus
1176 3013 1212 3070 et
1240 3005 1392 3070 hostium

440 3107 575 3191 imperii
602 3109 806 3192 magnificus
830 3107 1074 3191 triumphator,
1101 3105 1301 3184 Saturnino,
1328 3105 1395 3169 Sa·

440 3226 646 3273 raceuorum
669 3209 821 3291 praesidi,
843 3207 1066 3272 Hierusalem
1089 3206 1209 3289 fugere
1235 3205 1396 3287 exemplo

442 3305 648 3372 Pharaonis,
678 3307 853 3386 Quoniam
870 3316 997 3370 terram
1014 3313 1173 3370 sanctam
1189 3324 1300 3387 nuper
1315 3323 1396 3386 pros

441 3406 582 3485 fauasti,
599 3407 655 3471 cui
680 3409 803 3470 aeterni
824 3407 936 3488 Regis
956 3406 1100 3488 imperio
1120 3406 1341 3488 imperamus,
1358 3405 1395 3467 in

442 3505 687 3576 tantisceleris
705 3513 1017 3589 praesumptuosam
1036 3504 1314 3587 plectibilemquc
1332 3522 1395 3566 aua

441 3605 575 3670 daciam
602 3605 720 3670 debita
746 3603 1045 3670 animadversione
1076 3603 1259 3667 decernere
1283 3602 1395 3685 impe·

441 3705 537 3770 rialis
557 3704 725 3769 celsitudo
746 3712 781 3769 et
799 3704 903 3769 officii
919 3703 1103 3770 solicitudo
1124 3722 1188 3766 uos
1210 3702 1394 3781 admonet;

441 3812 664 3887 quapropter,
688 3805 755 3868 nisi
773 3812 975 3887 occupatam
997 3810 1126 3866 terram
1146 3809 1182 3866 et
1204 3802 1322 3865 omnia
1344 3820 1396 3864 re·

444 4050 452 4059 ,,
486 4001 638 4054 ¹Custellum
661 4002 825 4068 Rudulplri‚]
849 4002 902 4052 ‘de
928 4001 980 4052 hed
999 4006 1050 4050 met
1067 4006 1095 4050 et
1114 4001 1205 4051 Gisors
1223 4015 1256 4049 on
1272 3999 1315 4048 the
1334 3999 1395 4048 loth

440 4074 579 4124 Doloribus
601 4075 628 4122 in
646 4069 784 4123 Biturica?
806 4088 838 4122 on
860 4073 903 4122 the
928 4072 1042 4135 August,
1063 4072 1111 4120 but
1133 4071 1209 4119 could
1234 4075 1278 4118 not
1297 4081 1393 4131 agree3

442 4144 501 4193 luth
524 4144 609 4205 Mayz
636 4143 737 4193 Dieeto.
777 4143 902 4204 Compare
928 4142 1030 4190 Dieeto.
1061 4140 1197 4202 Hoveden,
1208 4154 1235 4200 p.
1247 4143 1306 4188 645.

440 4213 573 4264 Benedict.
583 4213 679 4262 Abbat.
696 4212 738 4263 ed.
751 4213 864 4275 Hearne,
875 4229 902 4274 p.
963 4203 1171 4278 ³Frederieru.]
1206 4208 1341 4268 Hoveden,
1367 4222 1396 4268 p.

441 4287 498 4332 507.
927 4284 986 4330 650.
1022 4281 1146 4341 Compare
1164 4276 1394 4341 coggeshalacol.

476 4351 578 4414 ²Ruges
586 4351 706 4401 discordes
714 4351 820 4416 effecti]
830 4351 902 4412 They
927 4355 993 4411 67⁷3
1011 4350 1062 4399 and
1074 4349 1210 4411 Batonius,
1219 4348 1252 4398 ad
1264 4363 1305 4400 an.
