<?xml version="1.0" encoding="UTF-8"?>
<!DOCTYPE html PUBLIC "-//W3C//DTD XHTML 1.0 Transitional//EN"
    "http://www.w3.org/TR/xhtml1/DTD/xhtml1-transitional.dtd">
<html xmlns="http://www.w3.org/1999/xhtml" xml:lang="en" lang="en">
 <head>
  <title>
</title>
<meta http-equiv="Content-Type" content="text/html;charset=utf-8" />
  <meta name='ocr-system' content='tesseract 3.04.00' />
  <meta name='ocr-capabilities' content='ocr_page ocr_carea ocr_par ocr_line ocrx_word'/>
</head>
<body>
  <div class='ocr_page' id='page_1' title='image "./rogeridewendove07rogegoog_0441.png"; bbox 0 0 3178 5194; ppageno 0'>
   <div class='ocr_carea' id='block_1_1' title="bbox 448 535 1145 600">
    <p class='ocr_par' dir='ltr' id='par_1_1' title="bbox 448 535 1145 600">
     <span class='ocr_line' id='line_1_1' title="bbox 448 535 1145 600; baseline -0.006 0"><span class='ocrx_word' id='word_1_1' title='bbox 448 535 514 600; x_wconf 76' lang='lat'>434</span> <span class='ocrx_word' id='word_1_2' title='bbox 699 549 835 595; x_wconf 84' lang='lat' dir='ltr'>nocnnr</span> <span class='ocrx_word' id='word_1_3' title='bbox 865 549 911 595; x_wconf 84' lang='lat' dir='ltr'>nn</span> <span class='ocrx_word' id='word_1_4' title='bbox 935 549 1145 598; x_wconf 82' lang='lat' dir='ltr'>wunnovnn</span> 
     </span>
    </p>
   </div>
   <div class='ocr_carea' id='block_1_2' title="bbox 288 704 1408 1086">
    <p class='ocr_par' dir='ltr' id='par_1_2' title="bbox 288 704 1408 1086">
     <span class='ocr_line' id='line_1_2' title="bbox 288 704 1404 773; baseline -0.005 0"><span class='ocrx_word' id='word_1_5' title='bbox 288 733 409 773; x_wconf 59' lang='lat' dir='ltr'>nonna</span> <span class='ocrx_word' id='word_1_6' title='bbox 450 728 508 773; x_wconf 89' lang='lat' dir='ltr'>ces</span> <span class='ocrx_word' id='word_1_7' title='bbox 539 715 576 772; x_wconf 89' lang='lat' dir='ltr'>et</span> <span class='ocrx_word' id='word_1_8' title='bbox 605 705 727 769; x_wconf 84' lang='lat' dir='ltr'>mediae</span> <span class='ocrx_word' id='word_1_9' title='bbox 757 723 880 769; x_wconf 90' lang='lat' dir='ltr'>manus</span> <span class='ocrx_word' id='word_1_10' title='bbox 915 704 1072 769; x_wconf 90' lang='lat' dir='ltr'>homines</span> <span class='ocrx_word' id='word_1_11' title='bbox 1101 705 1287 769; x_wconf 79' lang='lat' dir='ltr'>bellatores</span> <span class='ocrx_word' id='word_1_12' title='bbox 1323 723 1404 768; x_wconf 92' lang='lat' dir='ltr'>con-</span> 
     </span>
     <span class='ocr_line' id='line_1_3' title="bbox 451 803 1407 889; baseline -0.007 -17"><span class='ocrx_word' id='word_1_13' title='bbox 451 814 553 889; x_wconf 87' lang='lat' dir='ltr'>cepto</span> <span class='ocrx_word' id='word_1_14' title='bbox 588 804 784 869; x_wconf 88' lang='lat' dir='ltr'>devotionis</span> <span class='ocrx_word' id='word_1_15' title='bbox 815 803 952 868; x_wconf 86' lang='lat' dir='ltr'>fervore</span> <span class='ocrx_word' id='word_1_16' title='bbox 981 804 1169 881; x_wconf 86' lang='lat' dir='ltr'>ducuntur,</span> <span class='ocrx_word' id='word_1_17' title='bbox 1197 805 1303 887; x_wconf 91' lang='lat' dir='ltr'>quod,</span> <span class='ocrx_word' id='word_1_18' title='bbox 1334 805 1407 866; x_wconf 90' lang='lat' dir='ltr'>suis</span> 
     </span>
     <span class='ocr_line' id='line_1_4' title="bbox 452 903 1408 986; baseline -0.003 -18"><span class='ocrx_word' id='word_1_19' title='bbox 452 904 593 986; x_wconf 80' lang='lat' dir='ltr'>regibus</span> <span class='ocrx_word' id='word_1_20' title='bbox 610 903 667 969; x_wconf 89' lang='lat' dir='ltr'>vel</span> <span class='ocrx_word' id='word_1_21' title='bbox 682 903 831 967; x_wconf 90' lang='lat' dir='ltr'>dominis</span> <span class='ocrx_word' id='word_1_22' title='bbox 850 923 920 968; x_wconf 91' lang='lat' dir='ltr'>non</span> <span class='ocrx_word' id='word_1_23' title='bbox 938 904 1164 986; x_wconf 87' lang='lat' dir='ltr'>exspectatis,</span> <span class='ocrx_word' id='word_1_24' title='bbox 1181 904 1226 967; x_wconf 93' lang='lat' dir='ltr'>ab</span> <span class='ocrx_word' id='word_1_25' title='bbox 1243 903 1408 967; x_wconf 83' lang='lat' dir='ltr'><strong>extremis</strong></span> 
     </span>
     <span class='ocr_line' id='line_1_5' title="bbox 452 1002 1306 1086; baseline -0.002 -19"><span class='ocrx_word' id='word_1_26' title='bbox 452 1003 573 1069; x_wconf 90' lang='lat' dir='ltr'>mundi</span> <span class='ocrx_word' id='word_1_27' title='bbox 589 1003 747 1086; x_wconf 85' lang='lat' dir='ltr'>partibus</span> <span class='ocrx_word' id='word_1_28' title='bbox 763 1002 946 1067; x_wconf 85' lang='lat' dir='ltr'>confluunt</span> <span class='ocrx_word' id='word_1_29' title='bbox 962 1003 1115 1067; x_wconf 92' lang='lat' dir='ltr'>Domino</span> <span class='ocrx_word' id='word_1_30' title='bbox 1131 1003 1306 1067; x_wconf 86' lang='lat' dir='ltr'>servituri.</span> 
     </span>
    </p>
   </div>
   <div class='ocr_carea' id='block_1_3' title="bbox 540 1173 1321 1261">
    <p class='ocr_par' dir='ltr' id='par_1_3' title="bbox 540 1173 1321 1261">
     <span class='ocr_line' id='line_1_6' title="bbox 540 1173 1321 1261; baseline -0.004 -21"><span class='ocrx_word' id='word_1_31' title='bbox 540 1174 630 1256; x_wconf 77' lang='lat' dir='ltr'>Quod</span> <span class='ocrx_word' id='word_1_32' title='bbox 640 1175 837 1239; x_wconf 67' lang='lat' dir='ltr'>dulcedines</span> <span class='ocrx_word' id='word_1_33' title='bbox 851 1173 890 1238; x_wconf 80' lang='lat' dir='ltr'>ab</span> <span class='ocrx_word' id='word_1_34' title='bbox 905 1175 1014 1240; x_wconf 75' lang='lat' dir='ltr'>Acten</span> <span class='ocrx_word' id='word_1_35' title='bbox 1030 1175 1175 1261; x_wconf 81' lang='lat' dir='ltr'>confusus</span> <span class='ocrx_word' id='word_1_36' title='bbox 1190 1175 1321 1240; x_wconf 72' lang='lat' dir='ltr'><strong><em>recessit.</em></strong></span> 
     </span>
    </p>
   </div>
   <div class='ocr_carea' id='block_1_4' title="bbox 386 1295 1416 3258">
    <p class='ocr_par' dir='ltr' id='par_1_4' title="bbox 525 1295 1408 1380">
     <span class='ocr_line' id='line_1_7' title="bbox 525 1295 1408 1380; baseline -0.005 -18"><span class='ocrx_word' id='word_1_37' title='bbox 525 1297 607 1362; x_wconf 83' lang='lat' dir='ltr'>Rex</span> <span class='ocrx_word' id='word_1_38' title='bbox 639 1304 756 1361; x_wconf 87' lang='lat' dir='ltr'>antem</span> <span class='ocrx_word' id='word_1_39' title='bbox 790 1295 1117 1380; x_wconf 83' lang='lat' dir='ltr'>Hierosolymamm</span> <span class='ocrx_word' id='word_1_40' title='bbox 1149 1296 1408 1378; x_wconf 83' lang='lat' dir='ltr'>peregrinorum</span> 
     </span>
    </p>

    <p class='ocr_par' dir='ltr' id='par_1_5' title="bbox 386 1376 1416 3258">
     <span class='ocr_line' id='line_1_8' title="bbox 386 1376 1408 1463; baseline -0.004 -3"><span class='ocrx_word' id='word_1_41' title='bbox 386 1376 408 1405; x_wconf 77' lang='lat'>¹¹¹</span> <span class='ocrx_word' id='word_1_42' title='bbox 455 1396 676 1463; x_wconf 87' lang='lat' dir='ltr'>multitudine</span> <span class='ocrx_word' id='word_1_43' title='bbox 706 1395 859 1461; x_wconf 89' lang='lat' dir='ltr'>vallatus</span> <span class='ocrx_word' id='word_1_44' title='bbox 891 1394 974 1460; x_wconf 82' lang='lat' dir='ltr'>fecit</span> <span class='ocrx_word' id='word_1_45' title='bbox 1006 1413 1089 1459; x_wconf 88' lang='lat' dir='ltr'>suos</span> <span class='ocrx_word' id='word_1_46' title='bbox 1117 1414 1236 1459; x_wconf 90' lang='lat' dir='ltr'>omnes</span> <span class='ocrx_word' id='word_1_47' title='bbox 1266 1396 1309 1459; x_wconf 91' lang='lat' dir='ltr'>de</span> <span class='ocrx_word' id='word_1_48' title='bbox 1336 1395 1408 1457; x_wconf 92' lang='grc' dir='ltr'>Τιι-</span> 
     </span>
     <span class='ocr_line' id='line_1_9' title="bbox 456 1494 1410 1577; baseline -0.005 -17"><span class='ocrx_word' id='word_1_49' title='bbox 456 1516 542 1561; x_wconf 90' lang='lat' dir='ltr'>rono</span> <span class='ocrx_word' id='word_1_50' title='bbox 560 1494 778 1571; x_wconf 83' lang='lat' dir='ltr'>descendere,</span> <span class='ocrx_word' id='word_1_51' title='bbox 795 1501 830 1558; x_wconf 88' lang='lat' dir='ltr'>et</span> <span class='ocrx_word' id='word_1_52' title='bbox 853 1513 923 1558; x_wconf 91' lang='lat' dir='ltr'>una</span> <span class='ocrx_word' id='word_1_53' title='bbox 942 1512 1021 1557; x_wconf 93' lang='lat' dir='ltr'>cum</span> <span class='ocrx_word' id='word_1_54' title='bbox 1041 1495 1248 1577; x_wconf 85' lang='lat' dir='ltr'>peregrinis,</span> <span class='ocrx_word' id='word_1_55' title='bbox 1264 1494 1324 1575; x_wconf 90' lang='lat' dir='ltr'>qui</span> <span class='ocrx_word' id='word_1_56' title='bbox 1347 1512 1410 1556; x_wconf 90' lang='lat' dir='ltr'>nu·</span> 
     </span>
     <span class='ocr_line' id='line_1_10' title="bbox 455 1593 1409 1677; baseline -0.002 -21"><span class='ocrx_word' id='word_1_57' title='bbox 455 1615 518 1677; x_wconf 88' lang='lat' dir='ltr'>per</span> <span class='ocrx_word' id='word_1_58' title='bbox 546 1594 772 1669; x_wconf 86' lang='lat' dir='ltr'>advenerant,</span> <span class='ocrx_word' id='word_1_59' title='bbox 798 1599 879 1657; x_wconf 89' lang='lat' dir='ltr'>ante</span> <span class='ocrx_word' id='word_1_60' title='bbox 912 1593 1091 1657; x_wconf 88' lang='lat' dir='ltr'>civitatem</span> <span class='ocrx_word' id='word_1_61' title='bbox 1118 1599 1237 1657; x_wconf 89' lang='lat' dir='ltr'>castra</span> <span class='ocrx_word' id='word_1_62' title='bbox 1266 1593 1409 1657; x_wconf 84' lang='lat' dir='ltr'>locavit.</span> 
     </span>
     <span class='ocr_line' id='line_1_11' title="bbox 457 1690 1412 1774; baseline -0.005 -17"><span class='ocrx_word' id='word_1_63' title='bbox 457 1694 546 1757; x_wconf 85' lang='lat' dir='ltr'><strong>Post</strong></span> <span class='ocrx_word' id='word_1_64' title='bbox 572 1692 646 1757; x_wconf 88' lang='lat' dir='ltr'>dies</span> <span class='ocrx_word' id='word_1_65' title='bbox 672 1697 789 1756; x_wconf 89' lang='lat' dir='ltr'>autem</span> <span class='ocrx_word' id='word_1_66' title='bbox 817 1708 947 1773; x_wconf 89' lang='lat' dir='ltr'>paucos</span> <span class='ocrx_word' id='word_1_67' title='bbox 977 1691 1226 1774; x_wconf 86' lang='lat' dir='ltr'>superveniens</span> <span class='ocrx_word' id='word_1_68' title='bbox 1253 1690 1412 1755; x_wconf 85' lang='lat' dir='ltr'>Salaadi·</span> 
     </span>
     <span class='ocr_line' id='line_1_12' title="bbox 457 1789 1409 1872; baseline -0.003 -17"><span class='ocrx_word' id='word_1_69' title='bbox 457 1810 522 1855; x_wconf 92' lang='lat' dir='ltr'>nus</span> <span class='ocrx_word' id='word_1_70' title='bbox 538 1791 575 1854; x_wconf 91' lang='lat' dir='ltr'>in</span> <span class='ocrx_word' id='word_1_71' title='bbox 592 1810 697 1853; x_wconf 90' lang='lat' dir='ltr'>manu</span> <span class='ocrx_word' id='word_1_72' title='bbox 717 1791 861 1854; x_wconf 87' lang='lat' dir='ltr'>robusta</span> <span class='ocrx_word' id='word_1_73' title='bbox 881 1790 1048 1872; x_wconf 88' lang='lat' dir='ltr'>impeturn</span> <span class='ocrx_word' id='word_1_74' title='bbox 1067 1790 1104 1853; x_wconf 92' lang='lat' dir='ltr'>in</span> <span class='ocrx_word' id='word_1_75' title='bbox 1122 1789 1342 1854; x_wconf 90' lang='lat' dir='ltr'>Christianos</span> <span class='ocrx_word' id='word_1_76' title='bbox 1358 1789 1409 1853; x_wconf 86' lang='lat' dir='ltr'>fe·</span> 
     </span>
     <span class='ocr_line' id='line_1_13' title="bbox 458 1888 1410 1971; baseline -0.001 -17"><span class='ocrx_word' id='word_1_77' title='bbox 458 1893 507 1954; x_wconf 87' lang='lat' dir='ltr'>eit</span> <span class='ocrx_word' id='word_1_78' title='bbox 528 1888 744 1965; x_wconf 88' lang='lat' dir='ltr'>acerrimum,</span> <span class='ocrx_word' id='word_1_79' title='bbox 766 1889 886 1970; x_wconf 91' lang='lat' dir='ltr'>utqui</span> <span class='ocrx_word' id='word_1_80' title='bbox 904 1889 1053 1971; x_wconf 86' lang='lat' dir='ltr'>putabat</span> <span class='ocrx_word' id='word_1_81' title='bbox 1068 1908 1128 1952; x_wconf 91' lang='lat' dir='ltr'>eos</span> <span class='ocrx_word' id='word_1_82' title='bbox 1149 1889 1283 1953; x_wconf 91' lang='lat' dir='ltr'>insultu</span> <span class='ocrx_word' id='word_1_83' title='bbox 1299 1889 1410 1971; x_wconf 90' lang='lat' dir='ltr'>primo</span> 
     </span>
     <span class='ocr_line' id='line_1_14' title="bbox 458 1986 1409 2070; baseline -0.002 -17"><span class='ocrx_word' id='word_1_84' title='bbox 458 1988 669 2068; x_wconf 79' lang='lat' dir='ltr'>vincendos3</span> <span class='ocrx_word' id='word_1_85' title='bbox 693 1995 731 2053; x_wconf 91' lang='lat' dir='ltr'>at</span> <span class='ocrx_word' id='word_1_86' title='bbox 748 1986 868 2050; x_wconf 88' lang='lat' dir='ltr'>fideles</span> <span class='ocrx_word' id='word_1_87' title='bbox 889 1989 926 2051; x_wconf 92' lang='lat' dir='ltr'>in</span> <span class='ocrx_word' id='word_1_88' title='bbox 948 2007 1057 2051; x_wconf 89' lang='lat' dir='ltr'>unum</span> <span class='ocrx_word' id='word_1_89' title='bbox 1078 1988 1291 2070; x_wconf 82' lang='lat' dir='ltr'>conglobati,</span> <span class='ocrx_word' id='word_1_90' title='bbox 1309 1989 1409 2070; x_wconf 87' lang='lat' dir='ltr'>quasi</span> 
     </span>
     <span class='ocr_line' id='line_1_15' title="bbox 459 2086 1412 2171; baseline 0 -20"><span class='ocrx_word' id='word_1_91' title='bbox 459 2107 522 2171; x_wconf 92' lang='lat' dir='ltr'>pro</span> <span class='ocrx_word' id='word_1_92' title='bbox 552 2087 734 2151; x_wconf 82' lang='lat' dir='ltr'><strong>animabus</strong></span> <span class='ocrx_word' id='word_1_93' title='bbox 765 2086 995 2163; x_wconf 82' lang='lat' dir='ltr'>decertantes,</span> <span class='ocrx_word' id='word_1_94' title='bbox 1022 2087 1170 2151; x_wconf 89' lang='lat' dir='ltr'>viriliter</span> <span class='ocrx_word' id='word_1_95' title='bbox 1198 2089 1412 2164; x_wconf 88' lang='lat' dir='ltr'>restiterunt,</span> 
     </span>
     <span class='ocr_line' id='line_1_16' title="bbox 458 2185 1413 2270; baseline 0.002 -21"><span class='ocrx_word' id='word_1_96' title='bbox 458 2205 546 2268; x_wconf 92' lang='lat' dir='ltr'>quos</span> <span class='ocrx_word' id='word_1_97' title='bbox 569 2185 778 2250; x_wconf 86' lang='lat' dir='ltr'>Salaadinus</span> <span class='ocrx_word' id='word_1_98' title='bbox 801 2187 1025 2267; x_wconf 77' lang='lat' dir='ltr'>circumcingi</span> <span class='ocrx_word' id='word_1_99' title='bbox 1037 2187 1177 2270; x_wconf 77' lang='lat' dir='ltr'>jubenst,</span> <span class='ocrx_word' id='word_1_100' title='bbox 1200 2207 1263 2269; x_wconf 93' lang='lat' dir='ltr'>pro</span> <span class='ocrx_word' id='word_1_101' title='bbox 1284 2187 1413 2270; x_wconf 89' lang='lat' dir='ltr'>impos-</span> 
     </span>
     <span class='ocr_line' id='line_1_17' title="bbox 459 2284 1414 2369; baseline 0.002 -21"><span class='ocrx_word' id='word_1_102' title='bbox 459 2284 563 2362; x_wconf 91' lang='lat' dir='ltr'>sibili,</span> <span class='ocrx_word' id='word_1_103' title='bbox 584 2285 677 2367; x_wconf 92' lang='lat' dir='ltr'>quod</span> <span class='ocrx_word' id='word_1_104' title='bbox 700 2304 745 2349; x_wconf 85' lang='lat' dir='ltr'>ex</span> <span class='ocrx_word' id='word_1_105' title='bbox 768 2285 927 2348; x_wconf 91' lang='lat' dir='ltr'>omnibus</span> <span class='ocrx_word' id='word_1_106' title='bbox 954 2303 1016 2366; x_wconf 85' lang='lat' dir='ltr'>pes</span> <span class='ocrx_word' id='word_1_107' title='bbox 1045 2305 1133 2350; x_wconf 91' lang='lat' dir='ltr'>unus</span> <span class='ocrx_word' id='word_1_108' title='bbox 1156 2285 1330 2363; x_wconf 88' lang='lat' dir='ltr'>evaderet,</span> <span class='ocrx_word' id='word_1_109' title='bbox 1355 2286 1414 2369; x_wconf 92' lang='lat' dir='ltr'>jn-</span> 
     </span>
     <span class='ocr_line' id='line_1_18' title="bbox 458 2383 1413 2468; baseline 0.001 -21"><span class='ocrx_word' id='word_1_110' title='bbox 458 2384 612 2460; x_wconf 90' lang='lat' dir='ltr'>dicabat,</span> <span class='ocrx_word' id='word_1_111' title='bbox 630 2384 691 2448; x_wconf 90' lang='lat' dir='ltr'>sed</span> <span class='ocrx_word' id='word_1_112' title='bbox 710 2383 812 2448; x_wconf 87' lang='lat' dir='ltr'>aliter</span> <span class='ocrx_word' id='word_1_113' title='bbox 827 2384 939 2446; x_wconf 88' lang='lat' dir='ltr'>visum</span> <span class='ocrx_word' id='word_1_114' title='bbox 956 2394 1011 2448; x_wconf 87' lang='lat' dir='ltr'>est</span> <span class='ocrx_word' id='word_1_115' title='bbox 1028 2384 1072 2448; x_wconf 88' lang='lat' dir='ltr'>Ei</span> <span class='ocrx_word' id='word_1_116' title='bbox 1086 2385 1147 2467; x_wconf 92' lang='lat' dir='ltr'>qni</span> <span class='ocrx_word' id='word_1_117' title='bbox 1169 2384 1319 2468; x_wconf 87' lang='lat' dir='ltr'>dissipat</span> <span class='ocrx_word' id='word_1_118' title='bbox 1334 2405 1413 2449; x_wconf 91' lang='lat' dir='ltr'>con-</span> 
     </span>
     <span class='ocr_line' id='line_1_19' title="bbox 460 2481 1413 2565; baseline 0.002 -20"><span class='ocrx_word' id='word_1_119' title='bbox 460 2482 539 2547; x_wconf 88' lang='lat' dir='ltr'>silia</span> <span class='ocrx_word' id='word_1_120' title='bbox 554 2484 790 2564; x_wconf 89' lang='lat' dir='ltr'>reproborum.</span> <span class='ocrx_word' id='word_1_121' title='bbox 815 2481 910 2546; x_wconf 91' lang='lat' dir='ltr'>Nam</span> <span class='ocrx_word' id='word_1_122' title='bbox 925 2502 1005 2546; x_wconf 90' lang='lat' dir='ltr'>cum</span> <span class='ocrx_word' id='word_1_123' title='bbox 1021 2503 1083 2565; x_wconf 94' lang='lat' dir='ltr'>per</span> <span class='ocrx_word' id='word_1_124' title='bbox 1096 2485 1250 2548; x_wconf 90' lang='lat' dir='ltr'>triduum</span> <span class='ocrx_word' id='word_1_125' title='bbox 1264 2485 1413 2548; x_wconf 90' lang='lat' dir='ltr'>insultus</span> 
     </span>
     <span class='ocr_line' id='line_1_20' title="bbox 458 2581 1415 2665; baseline 0.004 -23"><span class='ocrx_word' id='word_1_126' title='bbox 458 2581 651 2644; x_wconf 85' lang='lat' dir='ltr'>infidelium</span> <span class='ocrx_word' id='word_1_127' title='bbox 683 2582 837 2664; x_wconf 90' lang='lat' dir='ltr'>undique</span> <span class='ocrx_word' id='word_1_128' title='bbox 865 2582 1079 2646; x_wconf 87' lang='lat' dir='ltr'>venientium</span> <span class='ocrx_word' id='word_1_129' title='bbox 1111 2583 1347 2665; x_wconf 83' lang='lat' dir='ltr'>pertulissent,</span> <span class='ocrx_word' id='word_1_130' title='bbox 1379 2591 1415 2646; x_wconf 89' lang='lat' dir='ltr'>et</span> 
     </span>
     <span class='ocr_line' id='line_1_21' title="bbox 453 2677 1414 2763; baseline 0.002 -20"><span class='ocrx_word' id='word_1_131' title='bbox 453 2677 531 2761; x_wconf 84' lang='lat' dir='ltr'>jam</span> <span class='ocrx_word' id='word_1_132' title='bbox 557 2680 657 2762; x_wconf 92' lang='lat' dir='ltr'>qnasi</span> <span class='ocrx_word' id='word_1_133' title='bbox 679 2680 851 2745; x_wconf 87' lang='lat' dir='ltr'>debilitati</span> <span class='ocrx_word' id='word_1_134' title='bbox 872 2681 917 2744; x_wconf 90' lang='lat' dir='ltr'>ab</span> <span class='ocrx_word' id='word_1_135' title='bbox 939 2681 1098 2746; x_wconf 89' lang='lat' dir='ltr'>hostibus</span> <span class='ocrx_word' id='word_1_136' title='bbox 1123 2682 1270 2745; x_wconf 88' lang='lat' dir='ltr'>deficere</span> <span class='ocrx_word' id='word_1_137' title='bbox 1290 2682 1414 2763; x_wconf 87' lang='lat' dir='ltr'>coepis-</span> 
     </span>
     <span class='ocr_line' id='line_1_22' title="bbox 459 2780 1414 2861; baseline 0.002 -21"><span class='ocrx_word' id='word_1_138' title='bbox 459 2786 550 2854; x_wconf 87' lang='lat' dir='ltr'>sent,</span> <span class='ocrx_word' id='word_1_139' title='bbox 569 2798 649 2842; x_wconf 88' lang='lat' dir='ltr'>ecce</span> <span class='ocrx_word' id='word_1_140' title='bbox 671 2780 846 2861; x_wconf 91' lang='lat' dir='ltr'>aspiciunt</span> <span class='ocrx_word' id='word_1_141' title='bbox 867 2780 1013 2843; x_wconf 83' lang='lat' dir='ltr'>classem</span> <span class='ocrx_word' id='word_1_142' title='bbox 1036 2798 1114 2844; x_wconf 89' lang='lat' dir='ltr'>cum</span> <span class='ocrx_word' id='word_1_143' title='bbox 1135 2780 1316 2844; x_wconf 89' lang='lat' dir='ltr'>duodecim</span> <span class='ocrx_word' id='word_1_144' title='bbox 1335 2780 1414 2844; x_wconf 91' lang='lat' dir='ltr'>mil-</span> 
     </span>
     <span class='ocr_line' id='line_1_23' title="bbox 459 2875 1415 2957; baseline 0.005 -21"><span class='ocrx_word' id='word_1_145' title='bbox 459 2875 550 2938; x_wconf 92' lang='lat' dir='ltr'>libus</span> <span class='ocrx_word' id='word_1_146' title='bbox 566 2877 748 2941; x_wconf 88' lang='lat' dir='ltr'>Danorum</span> <span class='ocrx_word' id='word_1_147' title='bbox 767 2886 803 2942; x_wconf 93' lang='lat' dir='ltr'>et</span> <span class='ocrx_word' id='word_1_148' title='bbox 821 2878 1005 2942; x_wconf 88' lang='lat' dir='ltr'>Frisonum</span> <span class='ocrx_word' id='word_1_149' title='bbox 1024 2877 1109 2942; x_wconf 87' lang='lat' dir='ltr'>velis</span> <span class='ocrx_word' id='word_1_150' title='bbox 1123 2878 1342 2957; x_wconf 83' lang='lat' dir='ltr'>sinuantibus</span> <span class='ocrx_word' id='word_1_151' title='bbox 1359 2898 1415 2942; x_wconf 89' lang='lat' dir='ltr'>ac-</span> 
     </span>
     <span class='ocr_line' id='line_1_24' title="bbox 460 2972 1413 3060; baseline 0.006 -26"><span class='ocrx_word' id='word_1_152' title='bbox 460 2972 581 3036; x_wconf 89' lang='lat' dir='ltr'>cedere</span> <span class='ocrx_word' id='word_1_153' title='bbox 609 2976 653 3038; x_wconf 85' lang='lat' dir='ltr'>ad</span> <span class='ocrx_word' id='word_1_154' title='bbox 676 2989 830 3059; x_wconf 88' lang='lat' dir='ltr'>portum,</span> <span class='ocrx_word' id='word_1_155' title='bbox 857 2997 973 3059; x_wconf 89' lang='lat' dir='ltr'>quem,</span> <span class='ocrx_word' id='word_1_156' title='bbox 1001 2977 1080 3040; x_wconf 87' lang='lat' dir='ltr'>Deo</span> <span class='ocrx_word' id='word_1_157' title='bbox 1102 2976 1310 3060; x_wconf 78' lang='lat' dir='ltr'>opitulante,</span> <span class='ocrx_word' id='word_1_158' title='bbox 1335 2997 1413 3041; x_wconf 89' lang='lat' dir='ltr'>cum</span> 
     </span>
     <span class='ocr_line' id='line_1_25' title="bbox 459 3072 1416 3160; baseline 0.009 -29"><span class='ocrx_word' id='word_1_159' title='bbox 459 3072 692 3152; x_wconf 80' lang='lat' dir='ltr'>prosperitate</span> <span class='ocrx_word' id='word_1_160' title='bbox 716 3083 842 3159; x_wconf 87' lang='lat' dir='ltr'>optata</span> <span class='ocrx_word' id='word_1_161' title='bbox 864 3076 1093 3141; x_wconf 84' lang='lat' dir='ltr'>intraverunt.</span> <span class='ocrx_word' id='word_1_162' title='bbox 1141 3075 1210 3139; x_wconf 91' lang='lat' dir='ltr'>His</span> <span class='ocrx_word' id='word_1_163' title='bbox 1232 3083 1269 3140; x_wconf 90' lang='lat' dir='ltr'>et</span> <span class='ocrx_word' id='word_1_164' title='bbox 1293 3076 1416 3160; x_wconf 90' lang='lat' dir='ltr'>hujus-</span> 
     </span>
     <span class='ocr_line' id='line_1_26' title="bbox 460 3168 1415 3258; baseline 0.01 -28"><span class='ocrx_word' id='word_1_165' title='bbox 460 3168 565 3246; x_wconf 92' lang='lat' dir='ltr'>modi,</span> <span class='ocrx_word' id='word_1_166' title='bbox 587 3190 667 3252; x_wconf 84' lang='lat' dir='ltr'>qnae</span> <span class='ocrx_word' id='word_1_167' title='bbox 692 3173 823 3238; x_wconf 87' lang='lat' dir='ltr'>fiebant</span> <span class='ocrx_word' id='word_1_168' title='bbox 845 3175 997 3253; x_wconf 85' lang='lat' dir='ltr'>assidue,</span> <span class='ocrx_word' id='word_1_169' title='bbox 1023 3174 1215 3240; x_wconf 88' lang='lat' dir='ltr'>visionibus</span> <span class='ocrx_word' id='word_1_170' title='bbox 1237 3183 1415 3258; x_wconf 89' lang='lat' dir='ltr'>permotus</span> 
     </span>
    </p>
   </div>
   <div class='ocr_carea' id='block_1_5' title="bbox 460 3265 1418 3432">
    <p class='ocr_par' dir='ltr' id='par_1_6' title="bbox 460 3265 1418 3432">
     <span class='ocr_line' id='line_1_27' title="bbox 460 3265 1418 3431; baseline 0.009 -102"><span class='ocrx_word' id='word_1_171' title='bbox 460 3265 668 3431; x_wconf 63' lang='lat' dir='ltr'>Sala3dinus</span> <span class='ocrx_word' id='word_1_172' title='bbox 692 3272 858 3336; x_wconf 82' lang='lat' dir='ltr'>confusus</span> <span class='ocrx_word' id='word_1_173' title='bbox 884 3274 929 3336; x_wconf 88' lang='lat' dir='ltr'>ud</span> <span class='ocrx_word' id='word_1_174' title='bbox 952 3281 1054 3339; x_wconf 84' lang='lat' dir='ltr'>terrae</span> <span class='ocrx_word' id='word_1_175' title='bbox 1078 3294 1152 3339; x_wconf 85' lang='lat' dir='ltr'>snae</span> <span class='ocrx_word' id='word_1_176' title='bbox 1173 3273 1337 3339; x_wconf 85' lang='lat' dir='ltr'>inferiora</span> <span class='ocrx_word' id='word_1_177' title='bbox 1359 3274 1418 3338; x_wconf 91' lang='lat' dir='ltr'>de·</span> 
     </span>
     <span class='ocr_line' id='line_1_28' title="bbox 461 3367 606 3432; baseline 0.021 -5"><span class='ocrx_word' id='word_1_178' title='bbox 461 3383 541 3429; x_wconf 88' lang='lat' dir='ltr'>soen</span> <span class='ocrx_word' id='word_1_179' title='bbox 567 3367 606 3432; x_wconf 87' lang='lat' dir='ltr'>it.</span> 
     </span>
    </p>
   </div>
   <div class='ocr_carea' id='block_1_6' title="bbox 611 3537 1267 3626">
    <p class='ocr_par' dir='ltr' id='par_1_7' title="bbox 611 3537 1267 3626">
     <span class='ocr_line' id='line_1_29' title="bbox 611 3537 1267 3626; baseline 0.009 -26"><span class='ocrx_word' id='word_1_180' title='bbox 611 3537 661 3600; x_wconf 82' lang='lat' dir='ltr'>Dc</span> <span class='ocrx_word' id='word_1_181' title='bbox 682 3558 792 3622; x_wconf 71' lang='lat' dir='ltr'>empne</span> <span class='ocrx_word' id='word_1_182' title='bbox 808 3541 1022 3626; x_wconf 70' lang='lat' dir='ltr'>impertinente</span> <span class='ocrx_word' id='word_1_183' title='bbox 1041 3552 1132 3607; x_wconf 72' lang='lat' dir='ltr'>terra</span> <span class='ocrx_word' id='word_1_184' title='bbox 1146 3553 1267 3608; x_wconf 75' lang='lat' dir='ltr'>cuncta.</span> 
     </span>
    </p>
   </div>
   <div class='ocr_carea' id='block_1_7' title="bbox 381 3656 1421 4334">
    <p class='ocr_par' dir='ltr' id='par_1_8' title="bbox 530 3656 1419 3734">
     <span class='ocr_line' id='line_1_30' title="bbox 530 3656 1419 3734; baseline 0.015 -13"><span class='ocrx_word' id='word_1_185' title='bbox 530 3656 690 3724; x_wconf 90' lang='lat' dir='ltr'>Accessit</span> <span class='ocrx_word' id='word_1_186' title='bbox 716 3667 832 3725; x_wconf 92' lang='lat' dir='ltr'>antem</span> <span class='ocrx_word' id='word_1_187' title='bbox 858 3663 912 3728; x_wconf 92' lang='lat' dir='ltr'>his</span> <span class='ocrx_word' id='word_1_188' title='bbox 939 3665 1061 3730; x_wconf 87' lang='lat' dir='ltr'>diebus</span> <span class='ocrx_word' id='word_1_189' title='bbox 1089 3667 1134 3730; x_wconf 89' lang='lat' dir='ltr'>ad</span> <span class='ocrx_word' id='word_1_190' title='bbox 1160 3674 1262 3731; x_wconf 84' lang='lat' dir='ltr'>terrae</span> <span class='ocrx_word' id='word_1_191' title='bbox 1287 3677 1419 3734; x_wconf 82' lang='lat' dir='ltr'>sanctae</span> 
     </span>
    </p>

    <p class='ocr_par' dir='ltr' id='par_1_9' title="bbox 381 3759 1421 4143">
     <span class='ocr_line' id='line_1_31' title="bbox 381 3759 1419 3851; baseline 0.015 -35"><span class='ocrx_word' id='word_1_192' title='bbox 381 3780 399 3809; x_wconf 78' lang='lat' dir='ltr'>e·</span> <span class='ocrx_word' id='word_1_193' title='bbox 463 3775 627 3838; x_wconf 83' lang='lat' dir='ltr'>magnum</span> <span class='ocrx_word' id='word_1_194' title='bbox 656 3759 938 3841; x_wconf 90' lang='lat' dir='ltr'>impedimentum</span> <span class='ocrx_word' id='word_1_195' title='bbox 970 3765 1155 3842; x_wconf 90' lang='lat' dir='ltr'>discordia,</span> <span class='ocrx_word' id='word_1_196' title='bbox 1188 3785 1267 3847; x_wconf 86' lang='lat' dir='ltr'>quae</span> <span class='ocrx_word' id='word_1_197' title='bbox 1297 3788 1419 3851; x_wconf 89' lang='lat' dir='ltr'>nuper,</span> 
     </span>
     <span class='ocr_line' id='line_1_32' title="bbox 463 3861 1420 3946; baseline 0.014 -28"><span class='ocrx_word' id='word_1_198' title='bbox 463 3861 498 3919; x_wconf 89' lang='lat' dir='ltr'>et</span> <span class='ocrx_word' id='word_1_199' title='bbox 520 3862 600 3937; x_wconf 90' lang='lat' dir='ltr'>post</span> <span class='ocrx_word' id='word_1_200' title='bbox 622 3875 758 3920; x_wconf 89' lang='lat' dir='ltr'>crucem</span> <span class='ocrx_word' id='word_1_201' title='bbox 777 3869 990 3943; x_wconf 87' lang='lat' dir='ltr'>susceptam,</span> <span class='ocrx_word' id='word_1_202' title='bbox 1012 3863 1103 3928; x_wconf 90' lang='lat' dir='ltr'>inter</span> <span class='ocrx_word' id='word_1_203' title='bbox 1125 3884 1242 3946; x_wconf 84' lang='lat' dir='ltr'>regem</span> <span class='ocrx_word' id='word_1_204' title='bbox 1268 3865 1420 3931; x_wconf 87' lang='lat' dir='ltr'>Franco-</span> 
     </span>
     <span class='ocr_line' id='line_1_33' title="bbox 464 3956 1421 4029; baseline 0.015 -14"><span class='ocrx_word' id='word_1_205' title='bbox 464 3972 539 4016; x_wconf 92' lang='lat' dir='ltr'>rum</span> <span class='ocrx_word' id='word_1_206' title='bbox 554 3961 589 4018; x_wconf 89' lang='lat' dir='ltr'>et</span> <span class='ocrx_word' id='word_1_207' title='bbox 606 3956 765 4019; x_wconf 90' lang='lat' dir='ltr'>comitem</span> <span class='ocrx_word' id='word_1_208' title='bbox 784 3957 1040 4025; x_wconf 89' lang='lat' dir='ltr'>Pictaviensem</span> <span class='ocrx_word' id='word_1_209' title='bbox 1060 3962 1274 4027; x_wconf 90' lang='lat' dir='ltr'>Richardum</span> <span class='ocrx_word' id='word_1_210' title='bbox 1288 3985 1334 4028; x_wconf 88' lang='lat' dir='ltr'>ex</span> <span class='ocrx_word' id='word_1_211' title='bbox 1350 3985 1421 4029; x_wconf 90' lang='lat' dir='ltr'>una</span> 
     </span>
     <span class='ocr_line' id='line_1_34' title="bbox 465 4053 1421 4143; baseline 0.017 -30"><span class='ocrx_word' id='word_1_212' title='bbox 465 4057 563 4133; x_wconf 89' lang='lat' dir='ltr'>parte</span> <span class='ocrx_word' id='word_1_213' title='bbox 591 4059 627 4117; x_wconf 93' lang='lat' dir='ltr'>et</span> <span class='ocrx_word' id='word_1_214' title='bbox 656 4053 859 4133; x_wconf 89' lang='lat' dir='ltr'>Henricum,</span> <span class='ocrx_word' id='word_1_215' title='bbox 888 4078 1006 4141; x_wconf 81' lang='lat' dir='ltr'>regem</span> <span class='ocrx_word' id='word_1_216' title='bbox 1034 4060 1244 4143; x_wconf 81' lang='lat' dir='ltr'>Anglorum,</span> <span class='ocrx_word' id='word_1_217' title='bbox 1267 4066 1421 4129; x_wconf 88' lang='lat' dir='ltr'>surrexit</span> 
     </span>
    </p>

    <p class='ocr_par' dir='ltr' id='par_1_10' title="bbox 459 4150 1421 4334">
     <span class='ocr_line' id='line_1_35' title="bbox 466 4150 1421 4236; baseline 0.016 -24"><span class='ocrx_word' id='word_1_218' title='bbox 466 4169 511 4212; x_wconf 84' lang='lat' dir='ltr'>ex</span> <span class='ocrx_word' id='word_1_219' title='bbox 542 4150 664 4228; x_wconf 90' lang='lat' dir='ltr'>altera,</span> <span class='ocrx_word' id='word_1_220' title='bbox 690 4152 778 4216; x_wconf 88' lang='lat' dir='ltr'>adeo</span> <span class='ocrx_word' id='word_1_221' title='bbox 807 4155 945 4236; x_wconf 91' lang='lat' dir='ltr'>quidem</span> <span class='ocrx_word' id='word_1_222' title='bbox 972 4165 1013 4222; x_wconf 90' lang='lat' dir='ltr'>ut</span> <span class='ocrx_word' id='word_1_223' title='bbox 1040 4167 1163 4224; x_wconf 91' lang='lat' dir='ltr'>mutua</span> <span class='ocrx_word' id='word_1_224' title='bbox 1198 4161 1243 4224; x_wconf 92' lang='lat' dir='ltr'>ad</span> <span class='ocrx_word' id='word_1_225' title='bbox 1272 4161 1421 4228; x_wconf 78' lang='lat' dir='ltr'>invicem</span> 
     </span>
     <span class='ocr_line' id='line_1_36' title="bbox 459 4247 1420 4334; baseline 0.018 -25"><span class='ocrx_word' id='word_1_226' title='bbox 459 4247 607 4310; x_wconf 78' lang='lat' dir='ltr'>‘castella</span> <span class='ocrx_word' id='word_1_227' title='bbox 630 4252 842 4334; x_wconf 88' lang='lat' dir='ltr'>surriperent</span> <span class='ocrx_word' id='word_1_228' title='bbox 864 4262 899 4319; x_wconf 88' lang='lat' dir='ltr'>et</span> <span class='ocrx_word' id='word_1_229' title='bbox 922 4257 1033 4322; x_wconf 89' lang='lat' dir='ltr'>multa</span> <span class='ocrx_word' id='word_1_230' title='bbox 1051 4258 1201 4322; x_wconf 86' lang='lat' dir='ltr'>malain</span> <span class='ocrx_word' id='word_1_231' title='bbox 1225 4260 1420 4326; x_wconf 90' lang='lat' dir='ltr'>homicidiis</span> 
     </span>
    </p>
   </div>
   <div class='ocr_carea' id='block_1_8' title="bbox 0 0 1618 5194">
    <p class='ocr_par' dir='ltr' id='par_1_11' title="bbox 0 0 1618 5194">
     <span class='ocr_line' id='line_1_37' title="bbox 0 0 1618 5194; baseline 0 0"><span class='ocrx_word' id='word_1_232' title='bbox 0 0 1618 5194; x_wconf 95' lang='lat' dir='ltr'> </span> 
     </span>
    </p>
   </div>
  </div>
 </body>
</html>
