3144 5180
466 525 532 587 342
722 537 857 584 noonnr
882 537 929 582 nn
952 535 1160 583 wnuoovnn

532 768 714 854 Dcpacllc,
729 767 893 853 quadrato
911 767 1044 830 Godrico
1061 766 1095 830 ia
1104 764 1355 850 peregrinatione

842 866 1046 931 ministrabit.

521 991 695 1056 Godricus
724 993 856 1074 itaque,
885 1011 965 1054 cum
991 991 1067 1075 jam
1098 990 1281 1054 navalibus
1314 988 1422 1052 lucris

469 1091 620 1156 sedecim
644 1110 813 1155 annorum
835 1098 971 1173 tempus
997 1090 1243 1171 compleverat,
1269 1087 1423 1163 divitias,

471 1209 561 1274 quas
590 1191 708 1254 multis
739 1190 916 1253 laboribus
941 1195 1227 1271 congregaverat,
1256 1187 1293 1249 in
1323 1187 1424 1250 obse-

472 1291 564 1373 quiis
584 1289 711 1354 divinis
734 1289 928 1371 expendere
950 1289 1175 1370 disponebat;
1201 1287 1338 1368 signum
1355 1286 1423 1348 ita·

473 1408 541 1471 que
562 1388 709 1453 vivificae
732 1389 843 1452 crucis
869 1387 1149 1469 Hierosolymam
1171 1387 1342 1469 petiturus
1364 1402 1423 1446 ac-

474 1489 567 1570 cepit
607 1494 644 1551 et
684 1487 905 1551 Dominicum
944 1485 1164 1569 sepulchrum
1202 1484 1424 1549 devotissime

475 1587 643 1662 visitavit,
665 1592 701 1648 et
721 1586 802 1649 inde
824 1605 887 1668 per
914 1593 1072 1650 sanctum
1093 1585 1116 1649 J
1119 1587 1264 1649 aeoburn
1288 1584 1325 1646 in
1348 1581 1422 1646 An·

475 1684 582 1766 gliam
602 1685 777 1750 remeavit.
831 1685 902 1763 Qui
924 1687 1048 1749 iterum
1070 1691 1152 1766 post
1173 1683 1313 1765 aliquod
1335 1689 1422 1745 tem-

475 1784 569 1866 poris
597 1784 750 1864 spatium
779 1784 838 1866 pia
867 1784 1050 1848 devotione
1076 1783 1360 1857 succendebatur,
1385 1787 1424 1843 ut

476 1882 713 1965 apostolorum
753 1882 874 1947 limina
914 1882 1081 1958 visitaret,
1129 1889 1164 1946 et
1209 1880 1424 1964 propositum

476 2001 577 2046 suum
599 1981 801 2064 parentibus
822 1981 1010 2060 indicavit3
1043 1989 1155 2045 mater
1175 1999 1258 2045 vero
1284 1999 1360 2043 cum
1387 1998 1425 2042 se

476 2080 609 2144 itineris
640 2080 800 2144 comitem
830 2080 982 2144 futuram
1016 2087 1197 2157 assereret,
1231 2080 1261 2142 si
1293 2079 1426 2152 liceret,

478 2179 570 2243 lilius
606 2187 787 2261 gratanter
824 2181 958 2256 annuit,
992 2186 1027 2243 et
1060 2179 1219 2260 genitrici
1251 2178 1427 2241 humiliter

423 2277 426 2284 '
478 2280 671 2360 obsequens
702 2278 853 2342 humeris
880 2298 956 2352 eam
983 2279 1158 2360 portabat,
1182 2277 1342 2361 quotiens
1369 2294 1427 2339 as-

478 2377 608 2459 peritas
632 2378 667 2440 id
689 2377 823 2442 itineris
845 2379 1019 2459 exigebat.
1072 2377 1148 2440 Illis
1170 2384 1285 2440 autem
1307 2377 1428 2439 urbem

481 2476 774 2539 Londoniensium
818 2477 1074 2559 praetergressis
1116 2477 1264 2540 accessit
1311 2475 1427 2539 subito

479 2575 602 2637 mulier
628 2575 787 2656 quaedam
815 2576 935 2656 magni
955 2576 1101 2653 decoriS,
1133 2583 1168 2640 et
1195 2575 1299 2659 hujus
1327 2593 1427 2657 pere·

480 2673 685 2752 grinationis
713 2674 871 2738 comitem
898 2674 972 2738 fieri
1002 2675 1177 2739 humiliter
1205 2674 1428 2756 supplicarit,

480 2771 571 2852 quod
593 2771 645 2835 illi
672 2771 834 2835 alacriter
863 2781 1080 2853 annuerunt3
1113 2782 1187 2838 erat
1212 2773 1349 2856 quidem
1378 2773 1430 2835 eis

480 2888 594 2934 comes
618 2869 796 2934 individua
826 2878 861 2935 et
886 2873 1063 2937 incorum
1088 2874 1262 2955 obsequiis
1281 2872 1430 2952 diligens

481 2976 516 3033 et
535 2968 674 3047 devota,
695 2988 776 3033 nam
793 2970 898 3052 pedes
916 2991 1034 3036 eorum
1055 2972 1210 3048 lavabat,
1229 2971 1349 3036 oscula
1368 2991 1429 3053 pe-

480 3068 581 3132 dibus
608 3069 838 3151 imprimebat,
862 3077 897 3134 et
923 3071 1000 3134 aliis
1023 3071 1157 3136 cunctis
1184 3070 1431 3152 obsequentior

481 3167 683 3232 habebatur.
736 3168 795 3232 Ita
813 3188 876 3251 per
894 3176 1004 3234 totum
1024 3170 1091 3235 iter
1109 3171 1145 3233 in
1165 3171 1278 3235 eundo
1298 3176 1333 3234 et
1350 3170 1429 3232 red-

481 3265 595 3330 eundo
628 3285 665 3330 se
695 3269 848 3348 gerebat,
884 3287 947 3332 nec
984 3271 1027 3332 ab
1064 3270 1182 3352 aliquo
1213 3270 1431 3350 interrogata

480 3365 547 3429 fuit
567 3385 646 3447 quae
667 3373 759 3430 esset
783 3367 838 3430 vel
860 3367 963 3445 unde,
983 3388 1054 3432 ¹nec
1076 3369 1138 3432 illa
1159 3369 1194 3432 id
1223 3369 1337 3452 ipsum
1365 3369 1431 3432 ali-

481 3465 620 3546 quando
635 3465 831 3544 indicabat3
853 3486 931 3530 cum
953 3475 1068 3531 autem
1091 3468 1320 3550 repatriantes
1335 3467 1431 3530 Lou-

480 3563 603 3627 donias
641 3564 981 3647 appropinquabant,
1017 3568 1218 3649 impetravit
1252 3568 1431 3630 licentiam

481 3662 674 3739 recedendi,
697 3670 736 3726 et
761 3665 798 3727 in
825 3683 888 3730 suo
912 3683 1051 3730 recessu
1079 3666 1152 3730 haec
1179 3667 1286 3730 verba
1314 3666 1429 3744 dixit3
1545 3707 1546 3734 r

480 3767 490 3794 ‘
504 3761 657 3843 Tempus
668 3769 770 3828 estut
785 3763 868 3827 illuc
883 3764 1033 3842 redeam,
1048 3765 1140 3828 unde
1160 3784 1238 3828 sum
1253 3765 1429 3846 digressa;

481 3868 675 3925 vosautem
692 3862 881 3928 benedicite
898 3864 1025 3940 Deum,
1049 3866 1109 3945 qui
1130 3871 1310 3946 sperantes
1331 3864 1369 3926 in
1391 3882 1432 3926 se
1544 3855 1545 3922 3

481 3977 551 4022 non
564 3959 702 4036 deserit,
722 3961 869 4025 scientes
888 3964 1052 4046 quoniam
1069 3962 1154 4025 illud
1171 3963 1318 4039 eveniet,
1336 3961 1432 4043 qnod

482 4057 605 4121 Romae
630 4059 675 4122 ab
701 4060 867 4140 apostolis
892 4061 1122 4144 postulastis!
1173 4059 1277 4124 Hanc
1311 4069 1432 4124 autem

481 4157 658 4219 mulierem
681 4157 723 4220 de
745 4159 912 4224 comitatu
938 4180 1038 4226 nemo
1056 4161 1143 4226 vidit
1169 4160 1235 4223 nisi
1255 4159 1431 4225 Godricus
1543 4199 1544 4204 κ

480 4258 515 4315 et
532 4262 642 4318 mater
659 4256 746 4338 ejus.
