3190 5202
466 528 605 576 unonns
628 527 898 579 meronmnuu.
1134 517 1157 579 9

206 683 338 747 lissimo
364 701 416 748 ac,
430 690 582 759 strenue,
598 684 774 764 regionem
791 685 887 747 illam
914 684 950 747 in
970 685 1063 766 regis
1088 686 1156 748 dis·
1170 706 1224 745 nn.
1235 706 1292 746 1071.

207 783 368 865 pendium
400 801 470 845 uon
500 782 718 846 mediocriter
749 783 970 864 affligebant3
1003 791 1156 847 castrum

208 901 346 964 quoque
376 881 530 962 ligneum
555 882 592 943 in
620 881 705 962 ipsis
733 882 917 963 paludibus
951 891 1156 946 construxe-

208 989 301 1057 runt,
320 980 414 1062 quod
431 998 541 1061 usque
564 981 600 1042 in
624 979 826 1043 hodiernum
847 980 938 1044 diem
955 983 1157 1045 ‘castellum

208 1077 428 1144 Herevvardi'
441 1098 463 1141 a
476 1078 823 1160 comprovincialibus
833 1088 1071 1163 nuncupatum
1088 1101 1157 1162 qno

208 1179 401 1260 divulgato,
418 1197 478 1240 rex
496 1177 704 1253 WillelmuS,
727 1197 806 1241 cum
832 1180 994 1243 universa
1016 1198 1089 1242 suae
1107 1180 1158 1242 di-

209 1279 313 1341 tionis
345 1277 548 1340 fortitudine
588 1276 632 1339 ad
669 1276 818 1340 insulam
851 1279 1004 1356 veniens,
1039 1278 1158 1341 navali

209 1395 285 1439 eam
315 1376 466 1462 pedestri
501 1383 536 1439 et
568 1377 719 1457 equestri
750 1376 870 1458 preelio
906 1376 1156 1441 circumcinxit.

209 1474 345 1538 Deinde
360 1476 435 1538 vias
452 1475 627 1537 immensae
645 1475 872 1555 longitudinis
893 1476 929 1538 in
954 1476 1040 1557 ipsis
1057 1475 1156 1557 palu-

208 1573 308 1636 dibus
346 1580 382 1637 et
407 1582 532 1655 pontes
559 1573 661 1637 valde
686 1582 908 1655 sumptuosos
941 1582 1156 1651 construens,

208 1673 392 1753 voragines
417 1672 608 1754 profundas
637 1680 672 1735 ei
688 1691 837 1754 aquosas
859 1673 980 1736 bestiis
998 1685 1034 1736 et
1050 1674 1157 1738 homi-

210 1771 312 1834 nibus
337 1771 487 1834 reddidit
506 1772 743 1853 permeabiles
759 1780 795 1835 et
809 1772 1001 1846 castellnm,
1021 1773 1057 1834 in
1080 1772 1157 1836 loco

209 1871 269 1950 qui
294 1870 518 1933 Wisebecum
544 1869 683 1946 dicitur,
709 1889 731 1932 a
758 1870 991 1933 fundamentis
1025 1871 1156 1950 erexit3

209 1967 303 2050 quod
327 1988 404 2032 cum
435 1968 625 2032 adversarii
647 1968 722 2052 ejus
746 1970 1002 2049 cognovissent,
1027 1987 1157 2046 omues,

210 2074 338 2148 praeter
362 2067 473 2131 solum
501 2066 766 2143 Herewardum,
788 2068 849 2149 qui
874 2069 986 2131 socios
1009 2087 1090 2131 suos
1113 2070 1157 2131 ab

209 2164 324 2228 insula
339 2171 499 2247 potenter
510 2166 642 2242 eduxit,
657 2166 701 2228 ad
713 2184 853 2228 manum
864 2168 1055 2242 venientes,
1069 2167 1158 2230 Wil-

210 2264 312 2327 lelmo
340 2284 417 2327 sese
445 2270 711 2346 praesentarunt,
741 2265 920 2346 quodlibet
950 2264 1158 2346 supplicium

210 2363 366 2426 subituri.
419 2363 519 2425 Tunc
540 2383 615 2439 rex,
631 2364 847 2444 Egelwinum
873 2364 1072 2446 episcopum
1094 2366 1158 2428 sub

210 2462 367 2526 custodia
397 2462 549 2539 tradeuS,
588 2463 734 2526 aliorum
771 2463 938 2544 quosdam
974 2463 1158 2541 interfecit,

210 2561 378 2642 quosdam
403 2561 560 2639 redemit,
575 2568 611 2625 et
627 2562 812 2625 nonnullos
834 2568 1002 2644 perpetuo
1030 2564 1159 2626 carceri

211 2660 434 2741 mancipavit.
487 2659 723 2724 Herewardus
740 2681 835 2737 vero,
851 2662 1015 2742 quamdiu
1037 2681 1158 2744 supcr-

209 2758 286 2835 suit,
304 2759 379 2839 regi
396 2758 573 2823 Willelmo
588 2761 727 2841 paravit
742 2760 886 2823 insidias
904 2761 1108 2842 exquisitas.

274 2934 342 2996 Res
364 2931 536 2996 Willelmus
548 2930 627 3014 regiis
643 2931 801 2992 Scotorum
816 2928 989 3014 homagium
1004 2927 1092 3012 capit.

260 3053 364 3118 Anno
386 3055 528 3117 Domini
545 3069 697 3115 Mnxxu.
713 3073 776 3116 rex
790 3051 986 3116 Willelmus
1006 3051 1158 3114 Scotiam
1171 3076 1227 3115 no.
1239 3075 1294 3138 rou.

210 3153 383 3216 hostiliter
397 3153 515 3216 adiens
540 3152 694 3234 speravit
711 3151 846 3232 aliquos
863 3150 910 3213 ibi
928 3168 970 3212 ex
991 3151 1063 3212 suis
1079 3149 1159 3214 hos·
1171 3127 1306 3216 lllbllll

210 3253 303 3315 tibus
332 3252 498 3326 invenire,
520 3251 581 3314 sed
606 3270 682 3313 cum
700 3250 883 3330 regionem
906 3247 1001 3311 illam
1025 3249 1159 3330 perlus-

210 3356 337 3413 trasset
367 3358 403 3413 et
435 3349 566 3413 nullum
599 3349 736 3430 penitus
770 3347 971 3423 invenisset,
1015 3355 1158 3430 accepto

208 3450 352 3513 tandem
373 3450 466 3530 regis
489 3448 671 3512 Scotorum
694 3465 771 3510 cum
792 3447 967 3509 obsidibus
984 3446 1157 3526 homagia,

210 3548 254 3610 ad
277 3547 441 3629 Angliam
464 3547 642 3612 remeavit.
694 3545 775 3608 Hoc
800 3546 902 3608 etiam
924 3564 1015 3607 anno
1036 3539 1157 3625 ¹Egel-

209 3648 321 3710 winus
335 3647 518 3729 episcopus
533 3644 788 3720 Dunelmensis,
808 3644 899 3726 apud
917 3643 1156 3706 Westmonas-

209 3746 334 3808 terium
357 3748 421 3808 sub
447 3745 604 3808 custodia
626 3744 719 3825 regis
743 3744 914 3818 detentae,
932 3741 1018 3806 obiit
1041 3749 1076 3805 et
1091 3743 1155 3806 ibi·

209 3843 288 3907 dem
305 3845 341 3907 in
355 3845 490 3926 porticu
504 3843 616 3907 sancti
632 3842 771 3907 Nicolai
784 3841 940 3923 sepultus
953 3848 1017 3904 est.

246 4140 254 4170 ¹
267 4143 448 4207 Egrlwinusr]
466 4147 549 4194 rather
564 4140 731 4206 ‘Egelricus,’
744 4159 773 4192 as
784 4145 911 4193 corrected
922 4160 955 4193 on
966 4145 1008 4193 the
1020 4146 1127 4208 margin.
