3178 5194
456 552 595 600 enonas
617 552 887 602 ntsronrnnuu.
1079 537 1146 603 423

205 844 211 850 ,
273 783 322 844 Da
336 779 476 865 captione
488 789 602 846 eeaetae
615 782 717 847 cruris
730 791 758 847 et
775 784 855 870 repis
866 784 1064 850 Hiewsalem

549 903 572 946 a
587 881 775 947 demetiae.

243 997 416 1068 Audiens¹
432 1012 547 1068 autam
563 1005 783 1084 Salaadinus,
805 1006 897 1089 quod
920 1025 983 1071 rex
1005 1007 1042 1070 in
1064 1023 1142 1071 suc·
1155 1021 1279 1112 33:3⁷·

193 1122 332 1168 oursum
359 1105 494 1169 veniret
515 1105 748 1182 obsessorum,
773 1107 992 1171 venientibus
1015 1105 1142 1170 eudae-
1156 1121 1257 1162 ulnus·

195 1211 248 1267 ter
268 1203 430 1281 occurrit,
451 1211 499 1281 et,
520 1223 598 1268 cum
620 1224 681 1268 eos
701 1205 737 1268 in
761 1205 915 1288 scopulis
933 1205 1091 1287 angustis
1108 1209 1145 1270 et

194 1303 380 1386 praeruptis
393 1303 545 1368 inclusos
557 1304 790 1392 cognovisset,
803 1323 870 1368 non
886 1304 990 1387 longe
1005 1323 1028 1388 a
1040 1304 1144 1368 Tibe-

195 1400 302 1480 riade,
313 1401 350 1465 in
366 1402 443 1466 loeo
459 1401 519 1485 qui
534 1398 758 1468 Marescallia
771 1403 908 1481 dieitur,
922 1402 959 1468 in
974 1404 1067 1485 regis
1083 1421 1145 1467 ex·

196 1502 338 1565 ercitum
360 1501 462 1565 irruit
480 1499 712 1583 confidenter;
738 1503 846 1585 igitur
859 1502 1047 1568 Christiani
1064 1502 1144 1567 hos-

197 1609 250 1664 tes
265 1600 412 1666 viriliter
426 1609 650 1685 exceperunt,
666 1610 834 1685 quantum
848 1604 1003 1670 locorum
1018 1621 1144 1685 angus-

196 1702 255 1764 tiae
270 1701 528 1783 permittebant.
580 1700 781 1784 Pugnatum
799 1711 853 1767 est
868 1704 996 1767 acriter
1011 1703 1092 1768 hino
1109 1705 1145 1767 at

196 1800 274 1864 iude
290 1807 327 1864 et
346 1808 551 1865 corrnerunt
566 1801 751 1879 interiecti,
773 1809 902 1880 tamen,
924 1803 1145 1884 exigentibus

198 1898 473 1964 Christianorum
499 1902 664 1983 peccatis,
691 1900 876 1982 praevelnit
900 1902 1039 1965 tandem
1063 1921 1146 1983 pars

195 1999 377 2079 adversa3
411 2018 504 2077 nam,
534 2007 575 2063 nt
603 2000 715 2077 aiunt,
746 2018 861 2064 eomes
889 1999 1143 2082 Tripolitanos,

198 2099 331 2163 militiae
357 2099 530 2182 princeps,
553 2098 720 2164 vexillum
745 2099 836 2180 regis
861 2099 1043 2163 interram
1065 2117 1145 2181 pro·

196 2198 320 2262 ditiose
353 2198 537 2263 demittens
570 2198 788 2263 Christianos
818 2197 900 2262 fecit
927 2198 1046 2279 fugam
1075 2215 1145 2261 me·

197 2298 312 2374 ditari,
345 2298 406 2362 sed
435 2317 506 2380 qno
539 2298 712 2380 fugerent,
745 2298 812 2362 nisi
843 2298 879 2362 in
912 2297 1042 2374 hostes,
1077 2315 1146 2360 non

197 2397 373 2461 habentes.
437 2397 518 2462 Rex
546 2397 663 2462 Guido
691 2404 816 2479 captus
846 2403 900 2460 est
931 2417 1011 2461 cum
1045 2414 1146 2460 eruce

195 2504 330 2574 sancta,
345 2503 381 2561 et
396 2498 507 2562 omnis
523 2496 709 2560 multitudo
732 2516 850 2560 eornm
875 2503 979 2579 capta
1001 2496 1067 2559 fuit
1089 2495 1145 2560 vel

196 2598 323 2679 gladiis
345 2597 550 2678 interfecta;
573 2603 761 2660 evaserunt
776 2603 892 2660 tamen
907 2597 951 2661 ab
967 2595 1032 2659 hac
1047 2594 1161 2662 clade.

196 2717 312 2762 eomes
328 2697 567 2780 Tripolitanns
589 2696 671 2760 lieet
691 2696 849 2760 omnihus
870 2704 1066 2779 suspectus,
1084 2694 1146 2758 do-

196 2798 311 2861 minus
333 2796 549 2879 Reginaldns
573 2797 722 2880 Sydonis
748 2804 928 2880 patronus,
956 2805 1063 2878 atque
1083 2793 1145 2859 do-

197 2897 310 2956 minus
346 2896 513 2962 balianus
551 2917 629 2960 cum
668 2899 789 2980 paucis
818 2896 984 2962 fratribus
1014 2894 1146 2959 militiae

198 2990 346 3072 Templi.
394 2995 505 3058 Facta
519 3004 573 3059 est
589 3004 705 3059 autem
722 2997 797 3061 haec
819 2998 946 3062 misera
967 2995 1049 3058 belli
1065 3012 1148 3059 con·

199 3089 332 3172 gressio
352 3091 475 3170 quinto
497 3093 629 3157 seilicet
651 3101 687 3157 at
704 3102 830 3174 quarto
853 3113 963 3157 nonas
980 3093 1004 3157 J
1007 3095 1081 3170 ulii,
1093 3095 1148 3157 in-

198 3190 253 3252 fra
273 3194 417 3253 octavas
441 3189 676 3270 apostolorum
699 3190 796 3255 Petri
816 3200 852 3256 et
865 3191 981 3255 Pauli.
1026 3191 1150 3256 Evasit

199 3291 301 3354 etiam
326 3288 370 3352 ah
391 3287 457 3353 hac
478 3287 576 3352 clade
597 3288 845 3367 Theodericus,
868 3290 1041 3371 Magister
1062 3289 1150 3352 mili·

199 3391 259 3454 tiae
273 3388 424 3471 Templi,
445 3389 505 3471 qui
529 3394 646 3451 minen
665 3388 743 3470 ipso
764 3388 820 3452 die
844 3389 1011 3453 ducentos
1031 3395 1067 3454 et
1089 3388 1151 3452 tri·

199 3489 297 3570 ginta
322 3489 365 3552 de
392 3489 557 3552 fratribus
584 3488 712 3552 amisit.
759 3488 885 3553 Comes
910 3488 1150 3570 Tripolitanos

199 3588 263 3652 hoc
288 3587 380 3670 qnod
407 3588 481 3652 sine
512 3587 693 3668 sanguinis
724 3587 890 3651 effusione
916 3595 1088 3665 evaserat,
1114 3588 1151 3651 in

198 3695 440 3769 argumentum
470 3688 671 3752 sumebatur
695 3694 818 3752 contra
844 3687 971 3770 ipsum,
994 3686 1087 3770 quod
1116 3687 1152 3749 in

120 3835 125 3848 .
199 3806 315 3868 regem
337 3793 373 3849 et
390 3787 555 3870 populum
570 3787 637 3851 Dei
660 3786 848 3870 proditiose
869 3788 1009 3869 egisset.
1048 3785 1153 3868 Capti

198 3893 281 3950 sunt
297 3888 400 3950 etiam
421 3905 500 3950 oum
516 3905 619 3952 cruce
641 3887 718 3972 ejus
738 3885 953 3971 bajulatores
969 3886 1152 3969 episcopus

235 4110 383 4178 Hodierna]
401 4114 526 4176 Compara
538 4114 665 4177 Neubrig.
690 4113 827 4177 preserved
846 4127 863 4161 a
882 4113 957 4161 letter
978 4111 1040 4160 from
1060 4123 1108 4160 oue
1130 4110 1159 4158 ot

199 4184 237 4232 iii.
256 4184 270 4245 t
283 4187 323 4245 17,
340 4185 465 4234 Bernard.
480 4184 605 4234 Thestor.
616 4186 665 4234 col.
692 4185 734 4233 the
744 4183 887 4245 Templum,
899 4183 986 4244 giving
1001 4195 1033 4230 en
1049 4184 1156 4230 account

200 4257 258 4313 ⁷9⁰,
269 4254 328 4304 Jao.
340 4253 372 4302 de
383 4255 506 4316 vitriaco,
519 4258 593 4316 1117,
603 4255 665 4304 with
692 4254 721 4304 ot'
729 4253 799 4303 these
811 4257 906 4302 events.

202 4322 337 4385 Hoveden,
348 4338 373 4385 p.
386 4329 444 4387 6³6,
457 4325 542 4374 where
559 4324 629 4374 there
644 4327 667 4374 ie
