3178 5194
439 555 579 604 neonus
604 555 873 603 nrsronmuuu.
1064 541 1129 606 433

178 716 269 793 dam,
293 715 352 779 ubi
373 714 589 798 periclitatur
611 713 745 794 religio,
766 714 846 778 dum
870 720 963 778 terra
982 716 1128 796 promis·
1141 727 1264 800 A·1>·1{⁸⁸·

176 801 284 878 sionis
308 815 402 878 omni
430 814 555 878 solatio
582 813 750 877 destituta
771 821 877 897 caput
905 833 974 876 non
1003 813 1128 879 habeat

177 933 239 978 nec
265 921 447 987 rectorem,
480 933 542 977 noo
569 913 742 995 peregrini
770 913 907 978 venturi
938 912 1126 991 ductorem,

176 1032 239 1076 nec
254 1013 405 1096 populus
426 1011 651 1076 defensorem.
687 1012 785 1093 Rege
803 1013 922 1094 itaque
940 1029 962 1074 a
977 1012 1126 1076 vinculis

175 1111 301 1189 soluto,
323 1111 566 1174 confluxerunt
588 1112 727 1175 adeum
746 1111 848 1174 multi
863 1110 1047 1198 peregrini,
1067 1114 1127 1194 qui

175 1230 286 1294 nuper
313 1211 536 1287 advenerant,
562 1228 640 1273 cum
669 1210 797 1292 populo
825 1209 989 1292 regioniS,
1009 1217 1044 1274 et
1068 1231 1150 1282 cor

135 1327 140 1336 ·
176 1310 311 1390 piosum
343 1312 533 1374 exercitum
565 1309 799 1386 confecerunt,
829 1311 888 1391 qui
915 1309 1046 1391 Tyrum
1074 1310 1127 1372 in-

176 1408 272 1490 gredi
293 1409 413 1472 volens
438 1428 459 1472 a
489 1403 687 1472 ¹marchisio
712 1427 782 1472 non
808 1408 1029 1486 admittitur}
1044 1408 1126 1472 licet

175 1527 216 1571 eo
237 1514 340 1590 pacto
361 1508 484 1572 civitas
506 1508 538 1570 ei
559 1507 742 1571 commissa
759 1507 893 1585 fuisset,
914 1515 952 1571 ut
975 1507 1049 1588 regi
1070 1495 1124 1572 re-

175 1607 305 1687 petenti
328 1615 364 1671 et
383 1607 480 1688 regni
501 1606 694 1670 haeredibus
717 1607 939 1685 redderetur3
962 1607 1023 1670 sed
1046 1615 1126 1689 post

174 1705 246 1769 dies
263 1725 405 1789 paucos,
421 1705 541 1770 eodem
563 1705 938 1783 marchisiogdesuncto,
955 1705 1124 1788 haeo'pes'-

175 1803 220 1868 tis
241 1805 403 1870 cessavit.
444 1805 605 1869 Mortuus
628 1805 805 1868 est'etiam
829 1804 949 1868 eodem
972 1807 1125 1887 tempore

176 1903 403 1981 Reimundus,
421 1905 536 1968 eomes
551 1903 802 1985 Tripolitanum
816 1904 872 1966 cui
886 1903 1125 1986 imputabatur

173 2008 268 2066 totus
299 2003 437 2067 sinister
459 2010 603 2068 eventus
625 2010 728 2067 terrae
750 2003 998 2084 promissionis,
1021 2003 1122 2084 [quo]

174 2101 286 2164 minus
315 2102 522 2178 Christiane,
555 2108 594 2165 ut
623 2102 760 2178 dicitur,
791 2101 890 2183 quasi
919 2103 976 2165 ex‘
998 2102 1122 2164 mentis

172 2200 393 2279 alienatione,
416 2203 451 2265 in
474 2201 637 2266 extremis
659 2201 823 2264 viaticum
847 2218 916 2263 non
939 2194 1122 2282 ²percepit.

174 2299 220 2363 Et
251 2300 305 2364 his
336 2302 386 2365 ita
415 2301 534 2382 gestis,
567 2319 630 2362 rex
664 2319 741 2363 oum
768 2299 921 2364 exercitu
953 2300 1122 2362 baronum

173 2401 282 2481 regni,
304 2401 363 2482 qui
386 2401 451 2463 sibi
472 2399 701 2476 adhaeserant,
723 2399 864 2463 sociatis
887 2398 953 2460 sibi
975 2398 1120 2480 templa-

172 2499 232 2563 riis
252 2507 289 2564 ot
305 2499 552 2582 hospitalariis
576 2497 780 2562 Venetianis
798 2498 914 2573 etiarn,
934 2496 993 2579 qui
1014 2516 1123 2580 nuper

92 2611 98 2624 ·
172 2597 396 2674 advenerant,
409 2608 443 2662 et
454 2598 478 2662 J
481 2597 688 2662 anuensibus
705 2598 907 2680 peregrinis
922 2597 988 2659 iter
1002 2599 1122 2660 versu's

174 2695 440 2776 Ptolomaidam,
469 2718 549 2780 quae
577 2698 646 2760 alio
673 2696 809 2761 nomine
832 2693 956 2759 Achou
985 2695 1122 2773 dicitur',

173 2798 347 2879 arripuit3
383 2799 483 2882 cujus
515 2798 621 2861 robur
646 2797 816 2861 veraciter
838 2801 1054 2858 numeratum
1078 2797 1122 2858 ad

170 2913 293 2959 novem
321 2896 430 2960 millia
451 2903 662 2960 armatorum
685 2897 851 2961 excrevit.
896 2894 977 2958 Rex
1005 2897 1123 2975 itaque

173 2990 525 3072 Hierosolymitanus,
537 3015 615 3058 cum
631 2995 884 3059 Ptolomaidam
897 2995 1122 3076 pervenisset,

171 3086 254 3149 fecit
274 3103 392 3150 omnes
412 3109 494 3152 suos
517 3093 551 3152 in
570 3092 693 3156 collem
714 3093 898 3156 ascendere
916 3092 1051 3158 civitati
1069 3096 1122 3158 vi-

171 3186 298 3262 cinum,
325 3205 438 3269 quem,
461 3206 502 3250 eo
530 3189 623 3268 quod
650 3191 761 3252 instar
788 3192 892 3252 turris
919 3199 1053 3254 erectus
1076 3194 1122 3255 sit

170 3286 207 3348 in
229 3284 375 3349 sublime
396 3292 432 3350 et
453 3285 635 3365 rotundus,
657 3288 836 3351 Turonum
862 3307 883 3349 a
903 3288 1008 3368 vulgo
1032 3309 1120 3351 nuu-

173 3392 342 3466 oupatur3
375 3404 473 3449 mons
496 3393 611 3449 autem
636 3386 702 3449 iste
724 3405 746 3449 a
767 3393 867 3467 parte
890 3387 985 3448 urbis
1008 3387 1120 3450 orien-

172 3484 235 3547 tali
259 3485 438 3565 consurgit
461 3483 597 3570 editior,
617 3492 653 3548 et
673 3485 709 3548 in
732 3485 878 3564 circuitu
899 3484 1003 3566 longe
1026 3479 1119 3568 ³por-

170 3589 285 3647 rectus
300 3583 335 3645 in
351 3583 457 3664 plana
471 3583 683 3647 diffunditur.
719 3582 787 3646 Die
802 3583 909 3664 igitur
922 3586 1025 3668 tertio
1040 3593 1121 3667 post

171 3700 272 3745 suum
292 3681 478 3746 adventum
501 3683 620 3745 urbem
639 3682 829 3746 Christiani
853 3681 1031 3760 obsident,
1041 3704 1119 3766 quae

169 3789 293 3863 postea
320 3801 389 3846 non
412 3781 537 3846 deiecit
561 3801 674 3864 usque
696 3782 740 3844 ad
763 3788 898 3864 tempus
913 3781 991 3864 ‘quo
1016 3792 1120 3865 capta

170 3879 237 3944 fuit
257 3900 279 3943 a
301 3883 440 3962 regibus
465 3881 679 3944 Francorum
700 3887 735 3944 et
753 3878 960 3961 Anglorum,
984 3881 1117 3963 Philip-

169 3998 214 4060 po
236 3988 274 4044 et
295 3980 482 4044 Richardo.
518 3979 617 4044 Adeo
634 3980 771 4062 quidem
793 3977 965 4062 peregrini
989 3980 1118 4061 simpli-

205 4183 396 4248 ¹Mnrchisio.]
425 4186 471 4234 ‘A
495 4185 631 4236 marchisio
690 4184 840 4235 8Ροννεοίιιε
858 4186 885 4234 iu
902 4187 976 4248 planu
997 4185 1119 4250 diffundi-

168 4269 217 4303 non
227 4251 409 4316 admittuntur‚’
422 4256 452 4304 C.
655 4256 718 4320 tua]
741 4257 909 4304 ‘Portentum
929 4257 955 4304 in
972 4257 1049 4318 plana
1067 4255 1118 4305 dii·

152 4368 166 4390 ‚
202 4321 212 4353 ²
224 4324 359 4387 Percepit]
369 4327 376 4352 ‘
386 4319 511 4385 Pepercit'
523 4325 549 4372 in
561 4325 618 4374 MS.
655 4320 748 4375 fundit'
761 4327 786 4373 in
798 4325 855 4374 MS.

219 4430 298 4477 von.
317 4431 356 4478 11.
908 4415 967 4478 an
