3144 5180
428 500 568 548 secans
592 499 863 549 nrsronrsauu.
1051 485 1119 552 339

154 657 321 736 ingeni03
350 664 386 720 et
409 658 532 723 reddat
557 660 656 723 nohis
677 659 859 723 ecclesiam
883 656 1113 723 Cantuarien-
1126 689 1248 732 nonme,

158 775 235 818 sem
261 757 298 819 in
327 777 369 821 ea
391 757 604 840 plenitudine
628 765 664 822 et
688 758 862 835 libertate,
884 758 921 820 in
944 776 1014 840 qua
1036 777 1113 823 eam

157 855 283 918 melius
306 856 489 920 habuimus
516 865 701 940 postquam
726 856 811 920 facti
833 875 953 920 sumus
979 857 1112 922 archie-

157 955 337 1036 piscopus,
361 963 397 1020 et
417 975 534 1020 omnes
554 956 790 1038 possessiones
807 975 895 1039 quas
916 956 1111 1035 habuimus,

157 1053 202 1116 ad
229 1053 427 1118 habendum
456 1062 491 1118 et
515 1055 700 1119 tenendum
724 1054 775 1120 ita
800 1055 907 1120 libere
936 1061 971 1119 et
993 1056 1110 1137 quiete

157 1157 193 1216 et
212 1152 414 1230 honorifice,
432 1155 522 1218 sicut
539 1153 685 1218 ecclesia
702 1162 738 1217 et
755 1171 819 1218 nos
835 1173 877 1218 ea
893 1153 1034 1219 liberius
1048 1155 1108 1221 ha-

155 1251 295 1316 buimus
312 1259 349 1317 et
362 1253 546 1328 tenuimuS,
560 1260 746 1336 postquam
761 1252 797 1316 in
812 1253 1107 1336 archiepiscopum
1129 1241 1133 1250 ⁸

154 1352 307 1431 promoti
323 1371 454 1427 sumus,
470 1361 505 1416 et
524 1351 683 1416 similiter
696 1353 854 1418 omnibns
870 1351 1011 1428 nostrie,
1029 1371 1106 1418 cum

153 1451 310 1513 ecclesiis
321 1451 480 1515 omnibus
493 1458 530 1515 et
545 1452 739 1533 praebendis
751 1452 794 1516 ad
810 1451 1105 1534 archiepiscopum

153 1549 422 1630 pertinentibus
449 1569 528 1632 quae
552 1558 766 1617 vacaverunt
787 1558 972 1633 postquam
995 1551 1106 1616 exivi·

153 1667 232 1710 mus
250 1649 416 1726 deterre,
434 1657 472 1713 ut
492 1649 659 1713 faciamus
682 1651 724 1713 de
746 1648 808 1726 eis,
832 1650 922 1714 sicut
944 1650 1104 1715 derebus

151 1747 296 1823 nostris,
307 1755 412 1828 prout
428 1749 527 1812 nobis
537 1748 706 1831 placuerit
720 1756 755 1812 et
771 1746 922 1812 nostris?
945 1747 1024 1812 Rex
1042 1768 1103 1814 au·

151 1851 223 1907 tem
238 1843 435 1928 Anglorum
449 1849 584 1913 duobus
604 1848 759 1914 articulis
774 1867 844 1912 non
858 1846 997 1930 plenum
1015 1868 1103 1930 prae-

149 1943 228 2008 buit
256 1946 449 2024 assensum,
472 1967 542 2011 non
571 1949 662 2011 enim
692 1947 829 2011 nomine
844 1946 1104 2026 restitutionis

151 2062 231 2106 cnm
250 2045 549 2128 archiepiscopum
572 2065 641 2110 non
660 2046 844 2129 expulerit,
861 2047 970 2130 juxta
991 2046 1101 2128 digni-

151 2149 262 2207 tatem
281 2146 381 2225 regni
401 2145 455 2208 sui
469 2145 654 2227 quicquam
676 2145 811 2210 solvere
829 2147 1022 2223 tenebatur,
1038 2166 1101 2212 nec

149 2243 351 2306 vacantium
383 2244 604 2308 eeclesiarum
636 2245 884 2327 possessiones,
912 2263 1000 2326 quas
1024 2244 1099 2326 jam

150 2341 256 2406 certis
276 2342 418 2406 dederat
435 2343 605 2425 personis,
621 2344 656 2407 in
675 2344 812 2409 irritum
832 2362 1016 2420 revocare;
1038 2344 1099 2406 sed

150 2461 267 2506 eoram
293 2461 375 2524 rege
402 2442 628 2519 Francorum,
651 2450 692 2508 ut
717 2443 905 2518 asserebat,
933 2441 1099 2524 archiepi-

149 2559 257 2624 scopo
286 2541 489 2606 satisfacere
516 2549 660 2624 paratus
691 2549 777 2619 erat,
806 2541 874 2618 vel,
897 2541 927 2604 si
960 2548 1099 2606 conten·

148 2639 229 2704 dere
243 2640 361 2718 vellet,
372 2640 542 2724 judicium
559 2642 596 2705 in
613 2642 743 2724 palatio
760 2640 950 2704 Parisiensi
970 2641 1098 2716 subire,

148 2737 335 2803 Gallicana
363 2740 510 2804 ecclesia
537 2743 734 2822 imponente
762 2747 879 2823 partes
909 2759 1003 2816 suae,
1035 2759 1097 2804 seu

146 2838 363 2903 scholaribus
379 2840 592 2906 diversarum
610 2840 867 2923 provinciarum
882 2859 984 2921 ecqua
998 2839 1097 2904 lance

144 2938 325 3019 negotium
350 2939 640 3016 examinantibus,
661 2940 766 3004 etita
787 2958 850 3004 rex
867 2937 1018 3020 Angliae,
1036 2938 1097 3020 qui

143 3037 244 3118 prius
270 3038 387 3101 odium
409 3039 446 3102 in
470 3057 508 3101 se
535 3039 759 3120 plurimorum
786 3037 1012 3114 conflaverat,
1034 3056 1096 3118 per

142 3135 222 3198 haec
236 3137 342 3200 verba
350 3138 533 3222 plurimum
547 3138 694 3220 adeptus
711 3146 765 3201 est
777 3137 947 3215 favorem
964 3135 1094 3216 itaque,

142 3235 377 3299 mediantibus
400 3235 531 3312 amicis,
558 3237 594 3299 in
617 3229 891 3319 qualemcunque
916 3233 1094 3297 concordi-

142 3339 202 3396 am
220 3335 463 3399 convenissent
479 3355 542 3399 rex
559 3343 594 3399 et
611 3333 902 3418 archiepiscopus,
919 3331 985 3396 nisi
1001 3330 1093 3413 quod

142 3425 226 3496 rex¹
252 3434 408 3497 osculum
431 3435 526 3517 pacis
548 3434 630 3499 dare
656 3434 916 3516 archiepiscopo
939 3431 1093 3512 negavit,

140 3539 289 3613 paratus
307 3552 442 3597 omnem
459 3534 564 3598 aliam
586 3533 806 3598 securitatem
828 3538 1014 3616 praestare;
1039 3550 1094 3594 ar·

140 3630 384 3714 chiepiscopus
401 3639 518 3696 autem
533 3652 654 3715 pacem
669 3633 756 3697 inire
771 3631 895 3708 noluit,
912 3630 979 3696 nisi
995 3629 1094 3694 firma

141 3739 263 3812 posset
281 3731 473 3796 stabilitate
496 3732 658 3814 gaudere.

178 3928 257 3979 ¹Rex
275 3932 381 3980 emulum
399 3966 406 3981 .
425 3967 432 3980 .
450 3966 457 3981 .
475 3931 604 3995 negavit]
628 3927 702 3979 After
719 3930 770 3979 this
788 3929 858 3978 there
877 3943 945 3977 were
964 3928 1033 3976 three
1054 3928 1093 3976 in·

140 3999 268 4061 Compare
282 4001 325 4049 the
339 4006 447 4050 accouru
457 4001 486 4050 of
499 4001 550 4050 this
562 4015 605 4049 ne·
629 4001 747 4048 terviews
763 4000 877 4047 between
900 3995 942 4045 the
960 3997 1023 4058 king
1042 3997 1092 4045 and

141 4071 273 4133 gotiation,
290 4085 319 4118 as
335 4071 355 4118 it
371 4085 430 4131 may
442 4072 473 4120 be
485 4071 604 4134 gethered
631 4069 737 4128 Becket,
758 4069 869 4128 namely,
889 4070 917 4114 at
938 4065 1095 4127 Monmirail,

140 4139 206 4187 from
229 4139 272 4188 the
293 4141 380 4188 letters
398 4141 427 4204 oi
441 4140 539 4190 Becker
554 4141 604 4188 and
630 4139 760 4200 Fretville,
776 4136 826 4186 and
838 4135 975 4196 Amboise;
992 4135 1096 4200 Diceto,

140 4207 184 4256 the
195 4209 302 4269 legates,
316 4209 362 4258 lib.
378 4209 416 4258 iii.
432 4225 491 4270 epp.
503 4205 604 4258 lx.·lxv.
629 4208 677 4256 col.
690 4211 746 4256 552.

142 4277 204 4325 with
231 4278 273 4326 the
299 4278 483 4340 Quadrilogus,
503 4293 529 4338 p.
550 4282 605 4327 1⁰1.
952 4347 968 4392 ἢ
1026 4343 1029 4348 Ι

921 4356 934 4392 z
