3144 5180
446 503 514 570 296
701 516 836 569 noe'nur
861 519 908 570 un
931 518 1140 570 wssunovna

289 707 344 747 nn.
356 705 412 747 rur.
450 679 741 762 archiepiscopus,
754 679 806 743 illi
817 679 953 743 obviam
966 678 1108 742 veniens
1126 676 1161 741 in
1176 677 1332 742 osculum
1347 697 1405 744 re-

450 786 572 861 captus
589 785 654 856 ast,
673 778 734 842 sed
754 779 875 842 nonin
892 778 1016 859 gratiae
1035 778 1296 858 plenitudinem,
1311 777 1405 843 sicut

451 879 560 959 ipsius
583 879 674 960 regis
701 878 820 942 vultus
844 877 964 941 statim
986 896 1129 941 avarsus
1157 879 1316 942 omnibus
1341 880 1404 960 qui

451 976 596 1041 aderant
623 984 782 1058 patenter
813 977 976 1040 ostendit.
1028 975 1158 1039 Eodem
1190 995 1293 1054 anno,
1319 997 1404 1058 rege

453 1075 647 1157 Anglorum
662 1077 706 1140 ad
723 1076 789 1139 hoc
804 1075 957 1140 instante
974 1082 1010 1138 et
1021 1065 1030 1106 ¹
1040 1074 1242 1139 Alexandro
1258 1095 1350 1158 papa
1365 1077 1404 1139 id

454 1176 674 1252 concedente,
696 1174 908 1250 Gilebertus,
932 1172 1178 1237 Herfordensis
1205 1176 1404 1257 episcopus,

453 1274 498 1338 ad
516 1276 632 1339 sedem
646 1275 801 1339 ecclesiae
819 1272 1070 1337 Londouiensis
1086 1273 1276 1337 translatus
1290 1281 1354 1352 cst,
1366 1282 1406 1338 et

454 1382 579 1456 quarto
596 1373 764 1438 kalendas
781 1373 868 1436 Maii
889 1371 925 1435 in
946 1371 1007 1436 illa
1023 1371 1187 1435 cathedra
1202 1373 1406 1438 solemniter

454 1467 682 1538 introductus.
735 1472 865 1536 Eodem
897 1490 988 1535 anno
1013 1471 1188 1535 Robertus
1217 1471 1405 1550 Muntfort,

455 1591 532 1635 cum
548 1571 703 1635 Henrico
719 1571 763 1634 de
780 1571 927 1635 Essexia
938 1570 982 1634 de
995 1563 1207 1653 ²proditi0ne
1222 1572 1315 1653 regis
1330 1572 1406 1635 sin·

455 1671 569 1751 gulari
586 1670 774 1735 certamine
789 1670 1028 1752 congrediens
1045 1670 1226 1734 victoriam
1248 1678 1406 1752 reporta·

455 1770 507 1832 vit
518 1773 534 1847 ;'
550 1769 676 1852 quade
694 1788 801 1833 eausa
812 1770 988 1833 Haurieus
1001 1776 1120 1832 notam
1133 1769 1285 1834 infamiae
1300 1771 1405 1834 simul

455 1877 492 1932 ct
522 1869 842 1933 exhaereditationis
866 1868 1042 1952 jacturam
1068 1867 1258 1944 incurrens,
1288 1869 1406 1932 indul-

455 1969 574 2050 gentia
604 1969 653 2050 pii
679 1969 783 2050 regis,
810 1968 903 2051 apud
927 1967 1126 2048 Radingum
1153 1966 1308 2031 habitum
1331 1989 1408 2033 mo-

456 2068 625 2132 nachilem
657 2069 822 2149 suscepit.
868 2061 948 2130 Hoc
979 2067 1084 2130 etiarn
1115 2086 1206 2130 anno
1237 2067 1406 2146 Thomas,

456 2165 718 2231 Cantauriensis
735 2166 1025 2248 archiepiscopus
1049 2166 1095 2229 ad
1118 2167 1407 2231 instantissimam

457 2267 548 2347 regis
589 2267 790 2348 petitionem
825 2264 1140 2329 archidiaconatum
1174 2265 1405 2330 Cantuarien-

457 2384 526 2426 sem
543 2365 637 2430 dedit
654 2364 824 2429 Gaufrido
841 2364 957 2441 Ridel,
980 2364 1104 2428 elerico
1126 2384 1212 2444 suo;
1238 2366 1299 2428 sed
1321 2385 1405 2448 gra-

457 2464 541 2527 tiam
559 2466 650 2545 regis
673 2465 739 2528 sibi
765 2465 861 2546 prius
886 2464 1099 2527 subtractam
1117 2483 1184 2527 non
1205 2464 1305 2546 plene
1323 2466 1403 2529 red·

456 2563 664 2643 integratam
708 2564 884 2644 cognovit.
936 2561 1111 2644 Apparuit
1145 2572 1261 2627 autem
1292 2564 1422 2646 prima

455 2662 548 2742 regis
576 2651 792 2743 perturbatio
821 2669 943 2728 contra
974 2660 1144 2726 Thomam
1176 2663 1405 2745 archiepisco·

456 2779 537 2841 pum
572 2780 650 2824 cum
686 2762 837 2841 sigillum
873 2761 946 2842 regi
985 2761 1198 2842 resignavit3
1240 2763 1404 2841 secunda,

457 2878 535 2921 eum
560 2861 633 2941 regi
658 2860 701 2924 de
724 2862 882 2942 partibus
909 2861 1148 2924 transmarinis
1170 2862 1322 2926 venienti
1345 2883 1405 2927 oc-

454 2976 597 3022 currens
614 2967 773 3042 recaptus
787 2967 852 3024 'est
871 2960 907 3022 in
932 2960 1099 3036 osculum,
1117 2967 1153 3024 et
1176 2980 1246 3024 non
1265 2962 1301 3024 in
1322 2981 1402 3043 gra-

456 3057 515 3120 tiae
537 3058 806 3139 plenitudinem
840 3059 943 3122 tertia
969 3059 1006 3121 in
1034 3058 1212 3136 hocloco,
1243 3079 1322 3123 cum
1347 3079 1405 3124 ar.

455 3155 731 3223 chidiaconatum
756 3159 800 3221 ad
826 3158 902 3242 ejus
925 3158 1128 3239 petitionem
1153 3160 1311 3237 contulit,
1338 3179 1403 3225 nec

455 3262 572 3320 tamen
596 3259 745 3339 gratiam
766 3258 842 3342 ejus
858 3256 924 3320 sibi
941 3257 1208 3339 redintegratam
1227 3261 1403 3339 cognovit.

455 3354 585 3420 Eodem
601 3376 692 3421 anno
704 3356 965 3432 clarenbaldus,
981 3357 1094 3419 sancti
1105 3355 1296 3439 Augustini
1312 3358 1403 3422 elec·

396 3495 398 3500 ,
455 3462 523 3532 tus,
540 3457 811 3521 benedictionem
828 3476 850 3520 a
865 3455 1012 3531 Thomu,
1031 3454 1274 3520 Cantauriensi
1291 3457 1403 3522 archi-

454 3555 628 3637 episcopo,
644 3557 801 3638 accipare
816 3555 1014 3638 quaerebat;
1038 3555 1098 3618 sed
1119 3555 1156 3618 in
1175 3574 1239 3619 sua
1256 3557 1403 3622 ecclesia

453 3660 487 3716 et
528 3655 601 3716 sine
642 3656 872 3737 processione,
902 3673 963 3737 spe
992 3654 1147 3736 cujusvis
1176 3654 1402 3737 subjectionis

453 3751 626 3834 adempta.
663 3747 867 3818 ³Consensit
887 3763 1003 3817 autem
1026 3773 1089 3818 rex
1111 3753 1233 3830 electo,
1254 3774 1402 3820 consue·

490 3947 669 4018 ¹Alexcndro.]
691 3953 741 4002 His
758 3955 813 4003 hull
831 3959 857 4003 to
873 3954 915 4004 the
940 3954 986 4002 ard
997 3954 1024 4001 in
1035 3953 1077 4001 the
1088 3953 1166 4002 battle
1183 3953 1212 4002 oi
1225 3953 1267 4002 the
1284 3955 1406 4006 deliteat

424 4033 429 4042 ·
451 4020 556 4081 chapter
574 4021 605 4072 oi
623 4022 727 4071 London
746 4024 769 4072 is
787 4025 862 4086 given
881 4026 914 4085 by
940 4023 1061 4084 Coleshil,
1072 4023 1098 4070 iu
1110 4023 1255 4073 Flintshire.

450 4090 552 4140 Diceto.
974 4090 1119 4142 ³Conseuait
1139 4097 1219 4142 cutem
1240 4093 1319 4156 reu]
1346 4095 1402 4144 The

486 4157 648 4209 2Ρνοιίὶὶιίηιε
669 4161 765 4224 regia]
795 4162 837 4210 He
857 4178 912 4212 was
937 4177 1046 4224 passage
1058 4163 1083 4210 in
1095 4162 1187 4211 Diceto
1205 4163 1227 4210 is
1243 4163 1401 4225 assollows;

450 4227 594 4291 hereditury
612 4231 841 4293 standard-bearet,
860 4233 911 4280 and
936 4232 1017 4281 ‘Cum
1030 4237 1114 4281 arrtem
1125 4246 1171 4280 rex
1182 4247 1209 4280 se
1218 4233 1302 4280 verbis
1312 4233 1403 4294 hujus·

449 4297 499 4346 hed
512 4299 911 4362 throwndowntheruyalstand·
934 4302 1003 4351 modi
1031 4316 1080 4351 non
1108 4302 1263 4364 opposuerit,
1283 4304 1402 4364 partibus
