3178 5194
459 516 525 580 350
718 531 855 578 nocant
878 529 926 576 nn
948 529 1157 578 wnrrnovnn

298 704 423 794 fflffli
462 687 522 752 sed
543 687 598 751 die
618 687 734 763 tertio,
749 704 826 750 cum
844 683 956 748 adhuc
973 693 1065 748 esset
1081 685 1117 747 in
1132 684 1319 767 lachrymis
1334 693 1414 748 ante

298 803 413 846 soona
462 789 573 851 altare
591 786 832 869 procumbens,
846 785 934 848 vidit
949 783 1101 865 puellam
1124 785 1168 846 ad
1191 784 1301 848 altare
1319 785 1414 847 veni-

462 893 589 963 entem,
615 892 663 963 et,
674 885 812 956 ¹vocatis
843 902 920 948 cum
950 882 1173 947 festinatione
1201 884 1415 965 parentibus,

462 985 611 1050 reddidit
633 984 683 1047 eis
710 983 862 1067 puellam
886 982 1104 1059 incolumem,
1121 980 1321 1066 jurantibus
1346 982 1415 1045 illis

461 1086 571 1168 prius,
588 1084 680 1165 quod
699 1089 868 1147 secretum
888 1081 966 1158 hoc,
983 1080 1066 1145 dum
1081 1080 1253 1146 Godricus
1271 1082 1415 1158 viveret,

464 1181 590 1248 nemini
606 1181 812 1262 revelarent.
837 1180 919 1245 Alio
935 1199 1074 1263 quoque
1088 1188 1244 1262 tempore
1260 1183 1334 1245 viro
1347 1180 1416 1244 Dei

462 1301 608 1366 puerum
637 1289 811 1345 mortuum
847 1296 869 1344 a
902 1280 1104 1362 parentibus
1136 1280 1226 1344 clam
1261 1280 1416 1344 oblatum

459 1381 566 1465 jussit
598 1399 702 1463 super
733 1381 844 1444 altare
874 1378 911 1442 in
943 1378 1095 1442 oratorio
1123 1381 1236 1442 beatae
1269 1378 1414 1460 virginis

463 1499 603 1563 ponere,
626 1487 662 1544 et
683 1486 845 1562 parentes
871 1478 1054 1542 consolans
1077 1476 1333 1561 lachrymantes
1354 1478 1417 1554 ait,

464 1585 474 1613 ‘
490 1579 547 1644 Ne
564 1579 716 1662 putetis:
732 1579 858 1661 inquit,
875 1583 1043 1660 ‘puerum
1061 1596 1137 1640 esse
1151 1583 1337 1653 mortuum,
1353 1577 1415 1640 sed

463 1697 597 1742 mecum
614 1678 715 1741 flexis
732 1677 877 1760 genibus
894 1677 1047 1740 divinam
1062 1697 1125 1760 pro
1142 1696 1249 1759 puero
1267 1676 1416 1740 clemen-

464 1777 548 1842 tiam
566 1775 734 1841 exorate.’
787 1775 954 1840 Oratione
976 1775 1083 1857 igitur
1113 1776 1297 1858 completa,
1324 1795 1416 1857 prae-

464 1876 556 1959 cepit
579 1883 618 1941 ut
648 1895 726 1940 eum
757 1874 919 1940 tollerent
947 1873 990 1938 de
1015 1873 1130 1952 altari,
1154 1881 1190 1939 et
1214 1876 1417 1938 accedentes

465 1977 639 2040 viventem
669 1975 847 2058 reperiunt
879 1983 914 2039 et
937 1974 1128 2053 ridentem3
1163 1994 1315 2056 moxque
1337 1973 1417 2038 illos

465 2074 692 2139 sacramentis
706 2073 928 2152 constrinxit,
945 2093 988 2137 ne
1003 2074 1069 2138 hoc
1089 2094 1176 2156 opus
1200 2081 1282 2138 ante
1306 2073 1416 2155 ipsius

466 2174 597 2240 obitum
613 2173 848 2257 propalarent.

563 2345 704 2426 Qualiter
719 2344 863 2409 mmaclto
880 2347 977 2409 citam
993 2347 1056 2430 ejas
1069 2345 1199 2412 scribere
1214 2347 1323 2411 colenti

843 2445 1037 2531 responderit.

517 2567 653 2632 Habuit
680 2574 796 2630 autem
825 2567 879 2632 vir
902 2576 1044 2633 sanctus
1071 2569 1257 2634 monachos
1284 2569 1416 2634 Dunel-

466 2686 601 2736 menses
616 2667 717 2731 valde
734 2666 934 2745 familiares,
952 2669 1012 2732 sed
1032 2677 1149 2734 tamen
1164 2670 1254 2734 inter
1270 2677 1417 2734 caeteros

466 2765 670 2831 monachum
696 2766 868 2848 quendam
890 2767 1027 2832 nomine
1048 2762 1115 2832 ¹N.
1135 2769 1319 2851 specialius
1340 2769 1419 2832 dili-

467 2865 584 2948 gebat.
636 2864 708 2928 Hic
732 2872 862 2942 autem,
879 2885 956 2930 cum
984 2887 1006 2930 a
1026 2867 1144 2931 multis
1172 2875 1316 2950 rogatus
1334 2869 1417 2932 fuis·

467 2973 532 3041 set,
553 2971 593 3028 ut
607 2964 716 3028 vitam
739 2971 774 3029 ct
795 2964 942 3030 virtutes
966 2967 1079 3032 sancti
1101 2966 1245 3031 Godrici
1266 2969 1416 3050 posteris

466 3064 667 3146 profuturas
695 3062 805 3127 literis
831 3067 1098 3144 commendaret,
1119 3067 1194 3148 ipse
1215 3087 1280 3149 pro
1302 3087 1417 3130 rerum

467 3164 614 3227 veritate
646 3163 773 3227 certius
809 3163 1014 3246 inquirenda
1052 3165 1199 3230 accessit
1228 3165 1272 3229 ad
1303 3167 1416 3229 virum

469 3263 548 3339 Dei,
564 3263 684 3327 volens
708 3263 751 3326 ab
778 3283 831 3339 eo,
856 3264 939 3345 quid
965 3265 1113 3329 scribere
1140 3265 1290 3342 deberet,
1315 3265 1416 3328 fami-

467 3362 587 3426 honus
602 3362 742 3426 erudiri.
795 3362 966 3428 Residens
984 3371 1100 3428 autem
1117 3363 1159 3428 ad
1182 3365 1287 3447 pedes
1303 3366 1418 3429 sancti

468 3461 569 3534 dixit,
587 3461 679 3542 quod
701 3461 849 3526 libenter
864 3463 1030 3526 scriberet
1044 3464 1152 3528 vitam
1174 3464 1283 3546 ipsius
1302 3464 1332 3528 si
1355 3483 1417 3527 an-

468 3568 601 3638 nueret,
629 3567 826 3642 protestans
855 3581 960 3643 quam
989 3563 1074 3626 utile
1102 3562 1187 3638 fore,
1217 3564 1248 3625 si
1275 3569 1415 3626 actuum

467 3659 544 3742 ejus
578 3659 703 3723 notitia
738 3659 782 3722 ad
817 3667 974 3742 posteros
1003 3660 1205 3740 deveniret3
1245 3661 1303 3726 ille
1331 3681 1416 3726 vero

468 3757 569 3839 quasi
594 3765 786 3824 commotus
801 3759 936 3824 vultum
959 3767 1164 3825 convertens
1189 3761 1251 3837 ait,
1275 3760 1416 3826 ‘Vitam

469 3856 624 3934 Godrici‚
640 3857 760 3934 amice,
784 3858 889 3922 talem
908 3878 983 3924 esse
1004 3879 1218 3942 cognoscas3
1244 3859 1416 3924 Godricus

468 3958 579 4038 primo
611 3956 761 4020 rusticus
790 3957 942 4039 pinguia
978 3960 1179 4036 fornicator,
1208 3958 1418 4036 immundus,

503 4160 574 4227 ¹N.]
591 4165 930 4227 Probablyanerrorcfthe
958 4166 1081 4218 collected
1103 4168 1146 4216 the
1168 4169 1297 4218 matedals
1319 4169 1358 4218 tor
1379 4169 1420 4219 his

466 4235 620 4282 transcriber
634 4231 740 4284 ior‘R.’
753 4237 932 4298 orReginald,
957 4236 1010 4286 lit'e.
1047 4237 1095 4286 See
1114 4238 1246 4299 prologue,
1260 4239 1286 4286 in
1299 4239 1358 4289 Act.
1373 4239 1420 4290 SS.

466 4302 530 4350 from
541 4302 622 4350 whom
641 4305 793 4366 principally
810 4305 931 4366 Geoffrey
957 4322 983 4367 p.
993 4311 1034 4355 70.
