3144 5180
422 557 557 607 neonus
581 558 853 608 rusroarruuu.
1050 545 1118 610 299

158 721 287 804 scopis,
320 719 506 803 episcopis,
536 719 731 797 abbatibus
761 720 947 802 prioribus,
979 724 1280 827 comiti-gdgtffim

159 823 238 897 bns,
254 819 445 884 baronibus
462 826 498 883 et
518 819 719 900 proceribus
744 820 852 902 regni,
873 820 967 885 facta
986 831 1040 888 est
1064 843 1117 887 re-
1127 836 1279 879 acuuntur·

160 920 330 1002 cognitio,
357 919 431 982 sive
459 917 666 995 recordatio,
692 917 872 1002 cujusdam
899 921 1009 1003 partis
1037 942 1118 986 con-

161 1018 385 1083 suetudinum
408 1023 444 1081 et
466 1017 667 1081 libertatum
690 1025 947 1083 antecessorum
964 1040 1117 1100 suorum,

162 1119 258 1200 regis
282 1116 446 1182 videlicet
465 1116 611 1180 Henrici
637 1116 694 1180 avi
720 1117 774 1180 sni
798 1124 834 1183 et
858 1119 1016 1198 aliorum,
1039 1140 1118 1204 quae

163 1217 345 1283 observari
383 1216 558 1280 debebant
596 1215 632 1278 in
669 1235 778 1298 regno
814 1217 859 1280 ab
890 1219 1052 1284 omnibus
1084 1227 1120 1285 et

163 1317 290 1394 teneri,
317 1322 460 1398 propter
489 1314 722 1379 dissensiones
747 1323 783 1380 et
811 1315 1001 1382 discordias
1027 1338 1120 1402 saepe

163 1421 385 1497 emergentes
416 1415 508 1478 inter
535 1415 665 1478 clerum
693 1421 729 1478 et
750 1413 964 1498 justiciarius
991 1417 1120 1482 domini

163 1515 265 1596 regis.
284 1523 321 1578 et
345 1508 566 1596 ¹magnatum
584 1514 705 1595 regni3
733 1513 856 1578 barum
872 1535 954 1580 vero
975 1536 1121 1581 consue·
1206 1577 1209 1584 ,

165 1615 327 1678 tudinum
343 1614 599 1695 recognitarum
624 1613 783 1695 quaedam
802 1633 883 1696 pars
910 1615 946 1680 in
973 1618 1121 1681 sedecim

167 1714 333 1796 capitulis
348 1713 639 1796 subsequentibus
655 1713 861 1778 continetur.

220 1813 275 1877 De
298 1813 526 1878 advocatione
547 1819 584 1876 et
602 1814 870 1894 praesentatione
898 1815 1119 1880 ecclesiarum

166 1911 199 1975 si
215 1911 451 1977 controversia
471 1911 649 1976 emerserit
670 1911 761 1976 inter
781 1912 889 1978 laicos
911 1920 946 1978 et
965 1915 1121 1993 clericos,

169 2012 226 2076 vel
242 2012 335 2076 inter
349 2011 505 2090 clericos
520 2011 557 2074 in
572 2011 669 2074 curia
684 2011 814 2077 domini
831 2013 922 2096 regis
938 2015 1123 2095 [tractetur

170 2118 207 2175 et
222 2111 436 2175 terminetur.

223 2209 388 2274 Ecclesiae
412 2209 455 2273 de
477 2209 578 2274 feodo
600 2207 731 2272 domini
753 2210 860 2292 regis]
883 2231 953 2276 non
975 2219 1122 2293 possunt

170 2311 429 2391 inperpetuum
444 2308 518 2372 dari
535 2309 666 2391 absque
684 2311 905 2374 concessione
922 2311 1043 2394 ipsius.

223 2407 316 2472 Cleri
342 2409 496 2472 accusati
518 2407 561 2472 de
583 2426 788 2490 quacunque
808 2428 857 2487 re,
879 2409 1079 2475 summoniti
1100 2430 1123 2475 a

167 2507 364 2592 justiciario
397 2509 501 2589 regiS,
528 2507 670 2572 veniant
696 2508 732 2571 in
763 2510 894 2573 curiam
926 2510 1035 2592 ipsius
1068 2529 1122 2574 re-

172 2607 334 2690 sponsuri
363 2607 488 2670 ibidem
520 2606 563 2670 de
590 2606 669 2684 boc,
697 2607 789 2670 unde
811 2609 986 2674 videbitur
1018 2609 1123 2674 curiae

173 2707 278 2788 regie,
308 2706 399 2788 quod
433 2706 481 2769 ibi
507 2706 554 2770 sit
577 2706 875 2787 respondendum
906 2708 1001 2774 etin
1027 2710 1123 2773 curia

171 2806 418 2884 ecclesiastica,
449 2805 540 2868 unde
571 2805 755 2884 videbitur,
787 2807 880 2889 quod
916 2809 963 2872 ibi
993 2809 1040 2873 sit
1071 2828 1125 2872 re·

172 2905 431 2988 spondendum
460 2906 512 2968 ita
535 2905 628 2988 quod
653 2907 745 2987 regis
768 2906 983 2990 justiciarius
1009 2907 1124 2972 mittet

174 3006 211 3068 in
237 3005 369 3069 curiam
395 3011 526 3068 sanctae
554 3005 708 3082 ecclesiae
741 3005 785 3068 ad
814 3007 1010 3085 videndum,
1036 3026 1124 3089 quo·

174 3105 277 3167 modo
295 3123 350 3167 res
362 3104 410 3167 ibi
425 3103 643 3168 tractabitur.
676 3103 722 3167 Et
739 3103 770 3167 si
787 3104 930 3171 clericus
944 3107 1124 3172 convictus

178 3204 233 3268 vel
260 3202 438 3267 confessus
461 3204 577 3281 fuerit,
600 3223 670 3267 non
693 3204 796 3268 debet
821 3224 899 3270 euru
926 3205 969 3269 de
999 3214 1124 3270 cetero

177 3302 322 3366 ccclesia
337 3302 439 3368 tueri.
614 3383 615 3386 Ἴ

235 3401 530 3484 Arcbiepiscopis,
560 3393 732 3484 episcopis
766 3410 802 3466 et
834 3401 938 3466 claris
969 3405 1125 3484 personis

176 3501 287 3582 regni,
314 3501 492 3565 nonlicet
521 3501 622 3564 exire·
642 3519 665 3564 a
696 3520 804 3582 regno
831 3502 961 3584 absque
986 3500 1126 3566 licentia

177 3598 307 3664 domini
334 3600 445 3681 regis3
477 3607 511 3664 et
536 3599 566 3662 si
595 3600 755 3677 exierint,
783 3601 813 3663 si
839 3601 913 3683 regi
944 3600 1126 3683 placuerit,

177 3717 337 3763 securum
357 3719 434 3762 eum
458 3698 597 3777 facient,
618 3699 709 3782 qnod
732 3717 795 3763 neo
818 3699 855 3762 in
877 3697 989 3764 eundo
1010 3703 1126 3766 necin

177 3798 351 3862 redeundo
366 3798 423 3862 vei
442 3818 574 3862 moram
597 3799 755 3864 iaciendo
779 3800 979 3883 perquirent
998 3803 1126 3865 malum

179 3899 252 3962 sive
267 3899 431 3960 damnum
449 3898 587 3962 domino
602 3899 677 3980 regi
692 3899 748 3963 vel
765 3918 885 3981 regno.

229 3997 533 4062 Excommunicati
562 4017 631 4061 non
659 3996 786 4064 debent
810 3999 893 4062 dare
917 3997 1056 4062 vadium
1082 4000 1126 4062 ad

179 4115 373 4173 remanens,
389 4116 453 4160 nec
469 4105 638 4179 praestare
649 4097 898 4182 juramentum,
915 4097 974 4161 sed
991 4103 1126 4161 tantum

393 4321 579 4394 ¹Mugaatum.]
597 4321 785 4390 ‘Magnatibus'
796 4327 823 4374 in
835 4325 891 4376 MS.
