3190 5202
331 647 385 688 ab.
397 649 452 688 itm.

333 695 379 736 uo·
388 697 412 738 ol

331 745 434 788 wulrtan.

336 3623 424 3664 Counoil
432 3625 456 3664 ol

338 3674 452 3714 clermont.

488 463 533 528 66
743 479 876 532 uooaru
904 479 952 528 uu
977 477 1181 526 wranovuu

491 631 559 699 Dei
576 634 759 700 Wlstauus
778 653 847 698 non
871 633 982 698 solum
1005 633 1240 716 possessiones
1263 631 1463 696 revocavit

491 734 632 816 petitas,
655 733 714 796 sed
738 741 773 796 et
790 733 970 797 ecclesiam
994 751 1105 809 suam,
1119 752 1200 814 rege
1219 729 1460 807 eoncedente,

492 851 535 898 ea
557 833 716 897 libertate
740 832 882 896 liberam
907 834 1164 914 suscepitque
1185 830 1393 894 fundatores
1409 830 1460 892 il-

492 932 560 996 lius
576 952 639 996 rex
656 930 820 996 Alfredus
840 940 876 995 et
890 931 982 994 filius
998 931 1074 1016 ejus
1092 929 1308 995 Eadwardus
1331 929 1455 1010 ipsam

492 1032 635 1095 liberam
643 1030 797 1094 fecerant
811 1037 847 1093 et
855 1049 1073 1095 successores
1084 1049 1215 1094 eornm.
1238 1027 1455 1092 TuucTho·

493 1150 568 1198 mas
582 1129 874 1211 archiepiscopus,
892 1130 994 1194 beato
1007 1129 1171 1194 Wlstano
1188 1127 1347 1193 omuibus
1365 1146 1454 1208 pos·

494 1229 706 1300 sessionibus
732 1237 767 1292 et
789 1229 1006 1293 libertatibus
1029 1228 1211 1304 restitutis,
1238 1227 1352 1291 virum
1379 1226 1453 1290 Dei

495 1328 748 1392 sanctissimum
766 1326 885 1391 multis
902 1327 1060 1409 precibus
1080 1327 1303 1402 sollicitabat,
1320 1332 1451 1389 utnon

495 1427 607 1491 solum
622 1445 720 1491 suam
740 1426 920 1490 ecclesiam
946 1427 1088 1509 pacifice
1106 1425 1309 1508 possideret,
1326 1423 1390 1488 sed
1414 1431 1452 1488 et

496 1524 694 1608 parochiam
728 1524 981 1591 Eboraoensem
1014 1526 1155 1591 visitare
1185 1532 1220 1588 et
1251 1542 1334 1588 suos
1363 1525 1449 1586 suh-

491 1625 605 1709 jeotos
637 1625 809 1704 religiosis
841 1624 1026 1688 informare
1052 1625 1204 1688 moribus
1230 1623 1449 1704 dignaretur.

497 1723 600 1787 Vixit
617 1731 732 1788 autem
758 1729 882 1805 postea
904 1724 1123 1787 beatissimus
1152 1723 1299 1786 antistes
1313 1721 1450 1786 Wlsta-

497 1841 574 1899 nus,
591 1824 683 1886 omni
700 1842 825 1902 genere
843 1823 1011 1886 virtutum
1032 1822 1167 1905 plenuS,
1183 1841 1294 1904 usque
1316 1821 1362 1884 ad
1384 1840 1448 1884 au·

498 1942 579 1985 num
602 1930 819 2004 praesentem,
834 1921 869 1984 id
887 1931 952 1998 est,
969 1922 1095 1987 divinae
1109 1921 1360 1985 incarnationis
1372 1921 1450 1984 mil-

498 2021 654 2086 lesimum
680 2021 940 2102 nonagesimum
963 2022 1133 2102 quintum,
1157 2039 1225 2102 quo
1250 2021 1384 2102 utique,
1409 2027 1449 2084 ut

497 2121 700 2203 praedictum
715 2127 780 2198 est,
795 2138 899 2196 anno,
908 2120 1041 2184 decimo
1055 2127 1178 2203 quarto
1196 2118 1364 2182 kalendas
1381 2119 1449 2182 Fe-

500 2221 642 2297 bruarii,
669 2239 714 2283 ex
730 2219 795 2282 hac
810 2218 883 2284 vita
907 2221 1078 2284 transiens
1104 2238 1168 2301 pro
1193 2220 1296 2282 rebus
1320 2219 1448 2282 transi-

499 2319 597 2382 toriis
620 2318 845 2382 commutavit
859 2326 1026 2397 aeternas;
1050 2317 1150 2402 eujus
1168 2318 1337 2382 transitus
1362 2318 1450 2382 hora

499 2417 655 2480 Roberto
681 2416 931 2481 Herefordensi
952 2419 1127 2502 episcopo,
1154 2417 1189 2480 in
1211 2416 1340 2500 oppido
1355 2418 1449 2498 quod

500 2513 662 2579 Crickela
677 2516 814 2593 dicitur,
829 2518 865 2580 in
877 2515 1009 2582 visione
1026 2517 1200 2600 apparuit,
1217 2523 1252 2580 et
1268 2516 1331 2592 illi,
1347 2524 1388 2578 ut
1400 2516 1447 2580 ad

499 2635 537 2678 se
549 2615 788 2678 tumulandum
797 2616 1016 2698 Wigorniam
1027 2622 1240 2699 properaret,
1254 2615 1447 2680 mandavit.

498 2714 677 2782 Auuulum
695 2735 843 2798 quoque,
861 2736 939 2780 cum
956 2735 1025 2797 quo
1038 2715 1269 2798 pontificalem
1284 2733 1447 2797 suscepe-

499 2821 554 2878 rat
573 2815 878 2890 cousecrationem,
897 2816 1066 2879 nemiuem
1091 2834 1112 2879 a
1132 2814 1242 2897 digito
1264 2815 1448 2878 extrahere

499 2915 668 2996 permisit,
681 2933 724 2977 ne
741 2921 821 2996 post
834 2923 978 2978 mortem
1002 2933 1101 2978 suam
1117 2933 1199 2977 suos
1217 2914 1336 2977 fallere
1353 2914 1449 2978 vide·

499 3019 606 3089 retur,
633 3013 760 3095 quihus
790 3013 1000 3094 praedixerat
1027 3012 1229 3095 saepissime,
1257 3013 1355 3076 illum
1387 3033 1448 3077 uec

498 3111 573 3174 vita
597 3112 721 3174 comite
743 3131 782 3175 se
805 3111 947 3194 perdere
963 3112 1063 3190 velle,
1081 3131 1143 3177 neo
1170 3114 1273 3177 etiam
1297 3111 1353 3175 die
1376 3131 1447 3176 suae

499 3208 698 3290 sepulturae.

498 3351 502 3360 ι
570 3379 691 3466 Incipit
707 3384 869 3448 oooeiiiom
891 3381 1116 3469 Urdooipopae
1132 3384 1168 3448 de
1182 3383 1371 3472 expeditione

872 3483 1077 3549 Antioohiae.

550 3607 679 3672 Eodem
704 3627 807 3685 anno,
835 3608 871 3673 id
896 3615 960 3686 est,
981 3607 1174 3672 Dominioae
1200 3607 1445 3673 incarnationis

499 3723 629 3785 uxoV„
661 3709 818 3773 dominus
847 3727 939 3790 papa
966 3707 1131 3770 Urbanus
1154 3699 1265 3788 ¹apud
1291 3706 1445 3770 Clarum-

499 3815 651 3871 montem
661 3809 836 3871 civitatem
846 3806 1027 3871 Arverniae
1038 3805 1220 3870 concilium
1230 3813 1365 3884 tenens,
1377 3808 1446 3872 haee

535 4048 628 4112 ¹Apud
652 4049 885 4111 Clarum-mortm]
908 4048 962 4096 'l'he
988 4048 1065 4097 taken
1087 4048 1149 4097 from
1171 4048 1341 4110 Malmsbury,
1362 4048 1375 4118 ξ
1394 4056 1445 4105 als.

498 4120 598 4167 council
606 4119 808 4179 oiClermonl,in
815 4123 961 4179 Auvergue,
987 4118 1040 4166 The
1051 4124 1106 4168 aeta
1118 4118 1147 4167 oi
1154 4117 1196 4166 the
1207 4119 1308 4166 oounoil
1319 4134 1362 4168 are
1373 4123 1445 4183 print·

499 4200 553 4236 was
581 4188 640 4235 held
668 4189 694 4235 in
723 4188 866 4236 November
889 4191 960 4236 1095.
987 4190 1019 4235 ed
1037 4189 1064 4236 in
1081 4188 1201 4236 Harduiu
1212 4187 1262 4236 aud
1280 4188 1351 4238 other
1362 4192 1446 4242 colleo-

498 4255 552 4302 The
574 4256 703 4318 following
725 4262 832 4306 account
853 4256 882 4304 oi
902 4258 961 4305 itis
987 4258 1245 4321 benemeritos.
