3138 5184
402 557 542 606 ruorns
565 557 836 606 ursroursnuu.
1032 541 1099 606 249

144 711 319 791 provincia
344 713 389 776 ad
419 713 584 776 ducatum
618 713 845 777 Normanniae
876 713 1072 805 pertinebat
1087 729 1165 794 μω.
1178 731 1233 770 uu.

145 810 199 872 sed
223 809 431 888 Gaufridus,
445 832 560 876 comes
575 812 896 893 Andegaveusium,
910 821 992 895 post
1006 833 1097 878 mor·

145 916 208 970 tem
224 908 375 973 Henrici
391 912 484 992 regis
501 910 695 992 Anglorum
711 911 755 974 ad
772 919 909 992 tempus
923 930 1001 975 eam
1015 932 1098 976 con·
1178 945 1181 952 ·

145 1016 292 1071 cesserat
309 1009 509 1074 Lodowico.
561 1009 722 1073 Tradidit
737 1011 843 1074 etiam
864 1010 939 1091 igni
954 1011 1098 1075 castella

143 1105 359 1170 inimicorum
379 1128 521 1171 snorum
539 1107 828 1184 Baschervillam,
846 1106 1036 1172 Cbitreium
1062 1117 1098 1174 et

145 1203 379 1287 Stirpineium,
401 1226 481 1271 cum
504 1207 648 1271 castello
671 1206 836 1288 Hugonis
854 1207 899 1270 de
922 1206 1095 1284 Gorneae,

145 1304 230 1384 quod
250 1305 446 1369 Feritatem
461 1305 660 1388 appellant3
686 1306 882 1386 denegabat
899 1307 989 1368 enim
1005 1306 1095 1370 idem

146 1401 249 1484 Hugo
279 1404 437 1468 debitum
467 1404 686 1468 famulatum.
739 1402 894 1468 Castella
921 1405 1027 1467 etiam
1053 1405 1096 1468 de

146 1501 334 1568 Bmeboles
356 1511 392 1567 et
419 1502 526 1580 aliud,
549 1502 642 1584 quod
658 1501 757 1566 Villa
780 1502 990 1579 nominator,
1015 1503 1096 1584 igue

145 1603 321 1679 cremavit,
338 1610 374 1666 et
390 1601 471 1666 inde
486 1603 523 1664 in
537 1601 791 1669 Normanniam
809 1601 951 1665 veniens
967 1601 1096 1665 Riobe·

145 1717 213 1761 rum
232 1701 278 1765 de
295 1700 427 1782 Aquila
444 1702 600 1784 graviter
613 1699 750 1775 afflixit,
768 1701 829 1781 qui
851 1699 1008 1763 hostibus
1023 1702 1095 1764 suis

146 1798 334 1862 subsidium
360 1799 505 1878 ferebat,
530 1805 567 1864 et
590 1799 814 1881 municipium
843 1798 918 1882 ejus
942 1799 1095 1863 Bonnvi·

33 1979 34 1982 Ἴ
145 1895 206 1960 lius
230 1898 383 1961 flammis
406 1898 679 1963 discurrentibus
702 1897 944 1978 conflagravit.
994 1896 1096 1962 Circa

33 1985 34 2010 ¹
145 2015 222 2060 vero
239 1998 346 2060 finem
367 1999 494 2061 mensis
509 1998 677 2080 Augusti,
701 1997 843 2061 statutis
860 1996 1027 2060 militibus
1049 1997 1094 2060 ad

146 2097 337 2159 custodiam
349 2095 587 2173 Normanniae,
600 2097 673 2160 dux
690 2094 930 2176 Andagaviam
946 2113 1094 2176 pergens

146 2194 277 2257 obsedit
293 2201 448 2258 castrum
463 2196 590 2258 montis
603 2194 741 2272 Sorelli,
751 2195 810 2259 ubi
825 2192 1003 2258 obsidione
1014 2194 1094 2277 jugi

33 2343 34 2346 ,
145 2300 328 2356 coarctans
353 2293 506 2357 inclusos
521 2294 749 2371 willelmum,
771 2293 947 2358 dominum
975 2293 1093 2370 castri,

146 2392 200 2470 qui
217 2400 339 2473 partes
356 2392 475 2456 fratris
488 2393 543 2457 sui
560 2393 712 2469 fovebat,
728 2411 806 2456 cum
827 2391 905 2455 aliis
928 2388 1093 2454 militibus

145 2491 261 2555 multis
288 2492 402 2573 cepit3
434 2491 498 2554 hoc
529 2510 667 2574 qnoque
691 2490 879 2554 infortunio
903 2489 1093 2554 Gaufridus

144 2587 248 2654 frater
276 2590 353 2674 ejus
380 2589 578 2672 compulsus
603 2597 657 2654 est
680 2591 855 2671 cumipse
880 2588 1092 2654 concordari.

147 2686 223 2752 Rex
250 2691 385 2754 interea
410 2689 635 2766 Francorum,
659 2688 702 2751 de
729 2686 827 2754 ducis
852 2689 1009 2752 absentie
1035 2707 1093 2752 oc-

146 2789 317 2852 casionem
349 2796 487 2863 nactus,
511 2787 764 2852 Normanniam
788 2787 932 2850 intravit
955 2794 991 2850 et
1016 2805 1093 2868 par·-

146 2892 212 2948 tem
230 2887 341 2968 Burgi
359 2886 622 2968 Regulariensis
638 2905 716 2949 eum
731 2886 809 2950 vico
823 2885 973 2968 quodam
986 2885 1094 2950 castri

147 2982 304 3052 Vernolii
318 2986 501 3050 voracibus
515 2985 662 3049 flammis
675 2985 908 3067 consumpsit3
934 2984 994 3047 sed
1010 3003 1094 3048 cou-

147 3082 272 3160 sestim,
295 3084 602 3148 intervenientibus
629 3083 714 3148 viris
745 3082 927 3163 religiosis
951 3088 1109 3158 statutae,

147 3190 225 3245 sunt
242 3190 377 3263 beugae
392 3182 482 3245 inter
499 3202 614 3264 regem
632 3189 668 3246 et
685 3181 818 3246 ducem.

148 3337 151 3347 .
194 3281 276 3346 Hoc
304 3300 443 3363 quoque
466 3301 568 3358 anno,
593 3299 674 3362 rege
697 3279 892 3362 Anglorum
916 3279 1093 3361 Stephano
1106 3299 1236 3340 narona

146 3380 187 3444 ad
215 3387 377 3444 sanctum
402 3378 578 3444 Albanum
601 3380 774 3457 veniente,
801 3387 1004 3460 suggestum
1027 3351 1234 3442 seddim-if

146 3478 175 3540 ei
202 3478 245 3543 de
271 3479 441 3559 languore
468 3478 610 3542 Radnlli
637 3480 784 3556 abbatis,
814 3479 887 3556 ubi,
912 3478 1093 3542 medianti-

146 3577 208 3640 bus
226 3578 399 3659 episcopis
417 3597 458 3642 ac
473 3579 606 3642 caeteris
622 3578 788 3660 praelatis,
809 3578 979 3642 concessit
999 3585 1039 3641 ut
1056 3579 1092 3641 in

147 3675 306 3758 eligendo
331 3676 458 3740 abbate
482 3676 600 3740 liceret
622 3677 799 3740 monacbis
827 3677 880 3740 uti
904 3676 1094 3762 privilegiis

148 3775 240 3853 suis;
279 3775 336 3838 cui
368 3794 446 3838 cum
474 3795 536 3839 rex
557 3782 746 3858 ,gratanter
776 3777 967 3853 annuisset,
1001 3795 1094 3839 eom·

146 3874 241 3936 muni
257 3874 367 3936 totius
384 3875 663 3957 congregationis
678 3892 820 3938 assensu
837 3868 1041 3940 ¹Robertum
1053 3874 1096 3938 de

148 3970 316 4050 Gorham,
339 3973 489 4055 priorem
519 3973 675 4037 ecclesiae
703 3992 787 4049 suae,
819 3973 1009 4053 elegerunt,
1036 3973 1097 4054 qui

147 4078 270 4151 postea
300 4071 436 4136 decimo
466 4078 591 4153 quarto
628 4071 797 4135 kalendas
831 4071 853 4135 J
858 4070 918 4134 ulii
960 4071 1096 4134 abbatis

148 4317 164 4365 b
182 4244 190 4276 ¹
193 4247 333 4366 Ιξίυρεήυηι
328 4250 374 4367 fige
387 4242 518 4316 Gorbam]
546 4248 588 4297 He
604 4247 665 4296 died
682 4247 709 4296 in
727 4248 838 4297 October
853 4251 932 4307 11663
949 4260 992 4296 see
1003 4245 1043 4296 bis
1053 4245 1097 4295 lile

165 4332 181 4376 y
218 4331 317 4380 arian.
363 4353 370 4368 .
