3178 5194
299 730 355 770 Ab.
367 732 423 771 llil.

299 781 328 820 Η.

323 793 340 820 ιι
348 793 442 830 peuaucs
487 815 495 830 ,

299 835 321 869 at
329 833 415 872 canter-

300 882 360 930 bury.

461 538 528 606 378
722 553 858 603 uocum
882 555 929 602 nu
952 553 1159 603 wunnovns

463 711 662 779 Cantuariae
685 713 1011 796 appropinquasset,
1028 732 1118 795 equo
1135 711 1297 776 desiliens
1314 711 1349 777 et
1365 731 1417 778 re-¹

461 835 555 898 gram
569 813 788 898 majestatem
806 831 948 894 prorsus
965 812 1152 894 deponens,
1167 812 1281 876 nudus
1297 814 1417 895 pedes,

461 915 585 980 faciem
609 913 876 996 peregrinantis,
898 912 1100 994 poenitentis
1127 919 1163 976 et
1188 913 1418 994 supplicantis

462 1032 654 1090 assumens,
671 1013 775 1076 tertio
791 1010 869 1076 idus
885 1009 908 1075 J
913 1011 997 1090 unii,
1013 1011 1101 1077 feria
1115 1019 1228 1090 sexta,
1243 1012 1286 1075 ad
1304 1013 1415 1076 eccle-

461 1114 548 1177 siam
568 1113 734 1196 majorem
751 1111 921 1194 parvenit,
938 1117 974 1174 et
991 1129 1068 1174 cum
1086 1111 1271 1192 gemitibus
1289 1118 1324 1175 et
1340 1131 1416 1175 sus-

460 1213 569 1294 piriis.
585 1213 675 1276 alter
696 1211 864 1275 Ezechias
889 1210 1215 1293 lachrymarumque
1236 1209 1415 1275 affluentia

461 1313 562 1393 petiit
584 1310 803 1393 sepulchrum
820 1308 982 1392 martyris
1002 1309 1156 1391 gloriosi,
1173 1310 1232 1374 ubi
1249 1315 1325 1374 toto
1340 1329 1415 1374 cor-

461 1430 545 1492 pore
565 1403 773 1493 prostratus,
791 1409 1019 1494 manibusque
1038 1409 1075 1472 in
1094 1408 1217 1472 caelum
1235 1400 1414 1490 expansis,

461 1509 592 1573 diutius
606 1509 642 1572 in
657 1509 814 1573 oratione
829 1509 1031 1589 permansit.
1056 1506 1200 1571 Interim
1213 1527 1277 1589 per
1290 1527 1330 1570 os
1342 1510 1414 1591 epi-

460 1609 557 1690 scopi
584 1607 849 1684 Londoniensis,
873 1625 1067 1670 sermonem
1092 1606 1137 1670 ad
1160 1595 1326 1688 populum
1348 1595 1432 1670 hass

459 1707 584 1783 bentis,
598 1726 662 1770 rex
674 1705 789 1769 Deum
804 1712 839 1770 et
855 1712 1041 1791 martyrem
1055 1706 1192 1769 beatum
1205 1705 1243 1768 in
1258 1705 1412 1769 animam

460 1825 559 1869 suam
575 1806 742 1870 invocans
759 1805 896 1888 publice
907 1811 1122 1888 protestatus
1140 1811 1205 1882 est,
1216 1804 1308 1887 quod
1322 1825 1414 1868 mor-

460 1912 530 1969 tem
552 1905 715 1988 martyris
738 1924 802 1968 nec
825 1903 1004 1969 mandavit
1029 1924 1093 1968 nec
1116 1904 1239 1981 voluit,
1260 1923 1324 1967 nec
1348 1924 1413 1968 suo

460 2005 606 2068 artificio
632 2004 862 2086 perquisivit3
896 2003 958 2067 sed
988 2003 1149 2085 quoniam
1174 2002 1414 2068 interfectores

459 2105 622 2187 martyris
649 2103 792 2186 gloriosi
821 2122 866 2172 ex
891 2103 1006 2167 verbis
1032 2103 1108 2186 ejus
1133 2123 1204 2166 non
1229 2102 1316 2166 satis
1345 2104 1413 2167 cir·

459 2210 657 2285 cumspecte
687 2203 832 2285 prolatis
861 2201 1077 2267 occasionem
1105 2209 1325 2285 sumpserant
1355 2221 1413 2266 ar-

364 2348 367 2351 *
460 2302 716 2385 chiepiscopum
740 2301 942 2384 perimendi,
968 2303 1014 2364 ab
1037 2301 1221 2384 episcopis,
1244 2300 1304 2384 qui
1328 2308 1412 2366 tunc

459 2409 648 2485 praesentes
671 2408 782 2479 erant,
802 2400 1054 2466 absolutionem
1074 2401 1186 2482 petiit,
1205 2418 1413 2484 carnemque

460 2520 558 2564 suam
589 2501 716 2565 nudam
746 2500 938 2581 disciplinae
966 2500 1141 2580 virgarum
1170 2518 1368 2582 supponens
1391 2519 1414 2564 a

460 2600 606 2681 singulis
624 2600 707 2664 viris
723 2599 906 2682 religiosis,
923 2617 1069 2681 quorum
1084 2598 1269 2662 multitudo
1285 2619 1413 2681 magna

460 2704 683 2774 convenerat,
700 2699 790 2762 ictus
805 2705 922 2762 ternos
940 2698 995 2762 vel
1010 2697 1133 2780 quinos
1147 2698 1297 2781 excepit.
1320 2698 1411 2762 Ves-

461 2798 553 2862 tibus
573 2797 680 2878 igitur
697 2797 895 2878 resumptis,
917 2797 1117 2861 muneribus
1139 2797 1300 2880 pretiosis
1322 2817 1413 2861 mar-

461 2905 572 2981 tyrem
588 2895 784 2973 honoravit,
802 2896 985 2978 assignans
1002 2897 1144 2978 insuper
1163 2896 1270 2960 annui
1289 2915 1412 2960 census

461 2995 691 3078 quadraginta
707 2994 813 3059 libras
828 2995 872 3058 ad
889 2995 1069 3059 luminaria
1085 2995 1177 3059 circa
1192 2995 1412 3078 sepulchrum

460 3095 623 3177 martyris
640 3093 886 3172 continuanda,
901 3095 1142 3176 reliquumque
1158 3093 1226 3158 diei
1244 3114 1284 3158 ac
1300 3097 1413 3158 noctis

460 3195 637 3278 sequentis
657 3194 694 3257 in
715 3194 943 3259 amaritudine
965 3195 1091 3258 mentis
1111 3194 1292 3276 transegit.
1325 3193 1414 3258 Ora-

461 3293 612 3358 tionibus
634 3292 753 3376 igitur,
780 3294 908 3375 vigiliis
929 3299 965 3356 et
980 3292 1125 3377 jejuniis
1147 3292 1284 3357 deditus
1301 3313 1412 3376 usque

460 3393 496 3458 in
512 3393 601 3456 diem
618 3392 759 3458 tertium
770 3394 815 3456 ab
829 3393 1002 3457 alimentis
1018 3393 1206 3473 abstinuit3
1225 3393 1316 3457 unde
1332 3395 1411 3457 bea·

461 3500 534 3566 tum
554 3498 741 3574 martyrem
760 3491 826 3556 sibi
850 3492 994 3556 reddens
1016 3491 1234 3574 placabilem,
1256 3492 1333 3574 ipso
1355 3491 1413 3555 die

460 3591 608 3669 sabbati,
630 3610 699 3674 quo
725 3592 791 3655 sibi
817 3592 861 3654 ab
886 3610 928 3655 eo
953 3591 1204 3672 indulgentiam
1234 3590 1310 3655 dari
1331 3600 1412 3673 pos·

460 3690 607 3768 tulabat,
625 3690 768 3754 tradidit
785 3691 882 3755 Deus
901 3683 1035 3772 ¹regem
1054 3690 1182 3754 Scotiae
1197 3689 1411 3756 Willelmum

460 3790 495 3852 in
519 3808 641 3852 manus
663 3808 756 3867 suas,
777 3790 870 3871 apud
899 3789 1110 3853 Richemunt
1130 3789 1312 3853 castellum
1334 3809 1413 3853 cus-

459 3888 563 3953 todiae
582 3890 829 3972 mancipatum.
882 3888 966 3971 Ipso
985 3890 1089 3953 etiam
1110 3887 1166 3952 die
1188 3888 1325 3952 sabbati
1349 3909 1409 3954 rex

458 3988 549 4051 filius
567 3987 655 4071 ejus,
670 3989 828 4064 navibus,
843 4007 930 4070 quas
948 3993 1223 4070 congregaverat
1237 3987 1282 4051 ad
1300 3994 1412 4051 trans-

462 4140 467 4144 ·
493 4143 607 4228 ¹Regem
633 4164 722 4214 scotie
751 4158 921 4232 Willelmum]
948 4165 1033 4227 riding
1049 4168 1095 4214 out
1111 4165 1182 4224 early
1193 4163 1219 4212 in
1238 4164 1281 4212 the
1298 4164 1414 4226 morning

459 4235 501 4282 Ha
513 4250 566 4284 was
582 4235 659 4283 taken
670 4249 703 4284 on
715 4234 757 4282 the
774 4234 834 4282 lstb
847 4233 922 4296 July,
948 4235 1011 4283 with
1032 4235 1091 4294 only
1108 4249 1125 4282 a
1141 4233 1242 4282 slender
1258 4233 1351 4296 guard,
1366 4235 1413 4284 lib.

458 4305 639 4364 according.t0
663 4303 812 4369 Buchanan,
834 4303 921 4353 whilst
947 4305 991 4354 vii.
1025 4305 1072 4354 See
1084 4304 1193 4366 Tyrrell,
1203 4302 1232 4353 ii.
1242 4318 1270 4363 p.
1283 4307 1339 4352 ³8⁵.
