3144 5180
420 543 559 592 rnonns
586 543 856 593 nrsronrruuu.
1044 527 1109 592 aul

152 703 391 766 tenementum
405 703 453 766 sit
475 704 653 784 pertinens
670 702 720 766 ad
743 702 1010 787 eleemosynam,
1035 702 1110 767 sive
1122 717 1275 808 &gamm

153 802 200 863 ad
229 802 357 866 laicum
385 802 537 878 feodum,
564 820 681 865 coram
702 801 899 885 justiciario
925 801 1043 883 regis3
1074 807 1274 865 etecusam.

154 902 185 962 si
211 902 428 982 recognitum
451 901 555 965 fuerit
577 900 620 964 ad
645 901 900 984 eleemosynam
925 901 1109 985 pertinere,

156 1000 326 1082 placitum
346 1001 412 1064 erit
433 1001 471 1064 in
495 1000 592 1064 curia
616 999 872 1079 ecclesiastica3
903 1000 934 1062 si
957 1018 1039 1064 vero
1065 999 1108 1063 ad

156 1099 286 1162 laicum
311 1099 464 1176 feodum,
491 1099 558 1163 nisi
586 1099 688 1163 ambo
713 1107 946 1164 tenementum
971 1095 1014 1162 de
1036 1099 1110 1182 e'pi·

158 1217 266 1280 scopo
293 1199 413 1263 eodem
435 1198 491 1262 vel
514 1199 644 1262 barone
667 1197 926 1274 advocaverint,
945 1196 1012 1262 erit
1036 1199 1111 1279 pla-

157 1297 265 1360 citum
280 1298 429 1362 incuria
444 1298 557 1379 regis;
580 1298 653 1375 sed,
670 1297 700 1361 si
715 1298 852 1380 utrique
865 1296 1111 1361 advocaverint

158 1397 201 1458 de
230 1397 334 1460 feodo
358 1397 419 1460 iilo
452 1397 599 1461 eundem
626 1397 824 1480 episcopum
852 1397 909 1460 vel
935 1396 1111 1471 baronem,

159 1496 226 1559 erit
253 1495 421 1577 placitum
446 1495 603 1561 incuria
630 1496 752 1578 ipsiuS,
778 1496 829 1560 ita
856 1492 1112 1578 quodpropter

160 1595 291 1658 factam
305 1595 577 1676 recognitionem
599 1595 764 1660 saisinam
788 1615 858 1659 non
880 1594 1031 1672 amittat,
1054 1594 1113 1676 qui

160 1695 258 1775 prius
275 1693 390 1758 fuerat
404 1689 574 1759 'saisitus

213 1793 319 1876 [Qui]
351 1794 394 1856 de
425 1793 567 1858 civitate
590 1794 647 1858 vel
673 1793 817 1859 castello
843 1795 898 1859 vel
924 1795 1034 1876 burgo
1058 1794 1114 1858 vel

162 1893 334 1956 dominico
360 1894 515 1957 manerio
543 1894 635 1976 regis
661 1892 785 1972 fuerit3
817 1895 847 1958 si
875 1894 918 1957 ab
945 1891 1114 1957 archidia-

164 2011 251 2056 cono
276 1992 332 2056 vel
360 1993 523 2074 'episcopo
553 2011 658 2075 super
688 1993 805 2074 aliquo
833 1992 958 2056 delicto
986 1991 1113 2056 citatus

164 2091 277 2166 fuerit,
306 2087 398 2155 unde
426 2092 551 2156 debeat
575 2092 626 2155 eis
653 2091 871 2174 respondere,
898 2098 934 2155 et
959 2089 1003 2153 ad
1028 2089 1113 2154 cita-

164 2192 275 2254 tiones
297 2193 415 2255 eoinm
439 2191 589 2254 noluerit
611 2190 824 2267 satisfacere,
845 2189 931 2253 bene
957 2189 1038 2253 licet
1063 2189 1112 2252 eis

164 2291 229 2353 sub
245 2290 431 2353 interdicto
446 2308 574 2371 ponere
590 2308 681 2364 eum,
698 2288 842 2352 sednon
858 2288 983 2352 debent
999 2287 1112 2370 ipsum

163 2389 462 2453 excommunicare
483 2388 683 2470 priusquam
703 2387 864 2470 capitalis
884 2387 1040 2451 minister
1058 2405 1113 2450 re·

165 2490 218 2569 gis
239 2488 332 2553 villae
357 2487 451 2551 illins
470 2487 709 2563 conveniatur,
732 2492 772 2551 ut
788 2485 947 2572 justitiet
967 2493 1043 2549 eum
1068 2483 1112 2550 ad

164 2586 437 2651 satisfactionem
462 2588 606 2666 venire;
634 2586 721 2650 etsi
743 2586 899 2650 minister
920 2585 1011 2667 regis
1033 2583 1112 2648 inde

164 2686 340 2765 defecerit,
369 2686 435 2749 erit
460 2686 498 2749 in
529 2684 762 2750 misericordia
793 2685 898 2766 regis,
926 2691 962 2750 et
987 2684 1112 2748 exinde

162 2786 290 2868 poterit
311 2786 494 2868 episcopus
517 2787 631 2868 ipsum
656 2791 855 2849 accusatum
878 2783 1112 2849 ecclesiastica

161 2885 301 2968 justitia
318 2904 486 2949 coercere.

148 3053 154 3066 ,
214 2982 491 3066 Arcbiepiscopi,
520 2982 673 3065 episcopi
698 2990 733 3047 et
761 2983 931 3048 universae
957 2979 1112 3066 personae

164 3082 274 3165 regni,
291 3084 350 3165 qui
367 3084 411 3147 de
424 3101 505 3164 rege
521 3089 640 3147 tenent
655 3082 693 3145 in
715 3083 841 3165 capite,
861 3081 1012 3147 habeant
1032 3100 1112 3164 pos-

164 3183 335 3247 sessiones
361 3201 443 3245 snas
466 3182 510 3245 de
534 3201 615 3262 rege
640 3181 732 3245 sicut
758 3181 947 3255 baroniam,
975 3188 1010 3245 et
1033 3180 1113 3245 inde

165 3281 396 3363 respondeant
407 3280 612 3365 justiciariis
628 3288 663 3345 et
682 3281 849 3345 ministris
871 3279 974 3361 regis,
996 3286 1031 3342 et
1058 3298 1112 3342 se·

165 3383 316 3464 quantur
333 3388 368 3445 et
390 3379 521 3444 saciant
543 3398 662 3443 omnes
685 3380 951 3444 consuetudines
973 3377 1111 3458 regias;

165 3487 212 3556 et,
224 3480 315 3544 sicut
333 3478 451 3544 caeteri
466 3481 624 3555 barones,
640 3478 767 3542 debent
787 3478 953 3543 interesse
971 3475 1112 3562 judiciis

167 3578 271 3642 curiae
294 3578 385 3660 regis
411 3597 488 3642 cum
508 3578 707 3654 baronibus,
730 3593 909 3661 quousque
934 3577 1112 3660 pervenia-

168 3679 223 3744 tur
252 3677 298 3742 ad
323 3677 584 3742 diminutionem
609 3677 841 3741 membrorum
867 3676 922 3740 vel
951 3675 996 3740 ad
1024 3695 1114 3742 mor·

168 3787 249 3841 tem.

217 3875 305 3940 Crini
337 3876 513 3941 vacaverit
540 3875 871 3959 archiepiscopatus,
896 3874 953 3939 vel
981 3873 1114 3955 episco-

167 3984 281 4058 patus,
315 3976 371 4039 vel
408 3975 560 4052 abbatia,
592 3977 649 4040 vel
687 3975 861 4058 prioratus
894 3973 931 4036 in
963 3971 1115 4035 dominio

169 4077 272 4157 regis,
301 4075 404 4138 debet
430 4093 507 4138 esse
531 4075 569 4138 in
596 4093 701 4138 mann
724 4073 846 4156 ipsius,
870 4071 1007 4140 atinde
1037 4089 1116 4153 per·

201 4294 330 4348 waninc
337 4297 359 4361 ,·]
377 4298 474 4348 ‘donec
492 4314 538 4361 per
554 4301 676 4362 placitum
687 4300 866 4350 ditationatum
877 4298 954 4348 inerit
963 4293 977 4360 ς’
994 4297 1074 4350 wilk.
