3178 5194
457 549 523 616 418
713 567 848 615 aornar
875 567 921 614 on
944 565 1152 615 wanoovnn

296 730 436 784 annm(
461 745 552 791 anno
578 725 771 804 lohannes,
795 725 886 790 filius
909 725 1013 806 regiS,
1036 743 1057 788 a
1080 731 1180 805 patre
1205 723 1411 788 militaribus

460 827 638 890 accinctus
661 827 765 890 armis
788 825 880 908 apud
901 823 1192 908 Wyndlesboram
1215 822 1326 906 pridie
1347 821 1411 886 ka-

461 925 582 990 lendas
596 924 739 1009 Aprilis,
759 918 811 988 ¹in
836 923 1039 988 Hiberniam
1059 921 1320 1002 transfretavit3
1342 942 1412 1004 quo

462 1023 568 1101 iacto,
590 1045 653 1090 rex
670 1025 844 1090 Henricus
865 1043 943 1090 curn
960 1020 1171 1105 patriarcha,
1188 1022 1276 1085 mari
1299 1028 1413 1086 trans-

462 1124 525 1200 ito,
556 1123 647 1189 diem
676 1123 822 1188 Paschae
852 1122 945 1205 apud
976 1121 1235 1202 Rothomagum
1261 1121 1411 1185 celebra·

462 1224 525 1288 vit.
578 1223 657 1288 Rex
693 1223 917 1299 Francorum,
947 1221 1066 1285 audito
1098 1221 1190 1302 regis
1217 1219 1411 1302 Anglorum

463 1322 628 1396 adventu,
650 1342 728 1387 cum
748 1321 968 1386 festinatione
995 1321 1090 1385 venit
1125 1320 1217 1402 apud
1239 1313 1411 1383 ²Vallem-

464 1422 549 1490 Ruil
572 1423 765 1498 castellum,
791 1419 850 1484 ubi
876 1439 976 1502 reges
999 1420 1036 1483 in
1061 1419 1243 1502 colloquiis
1263 1419 1410 1482 familia-

462 1522 558 1586 ribus
580 1522 695 1586 triduo
721 1521 948 1603 perstiterunt
971 1519 1060 1583 etin
1084 1538 1201 1582 eorum
1224 1519 1413 1600 praesentia

463 1620 563 1684 multi
585 1620 716 1684 nobiles
736 1639 837 1683 cruce
862 1617 993 1700 signati
1010 1625 1112 1698 sunt3
1134 1618 1194 1682 sed
1217 1618 1284 1699 ipsi
1308 1636 1410 1698 reges

462 1718 670 1803 patriarchae
687 1718 773 1782 nihil
789 1718 881 1782 aliud
900 1719 936 1782 in
952 1717 1127 1801 responsis
1144 1716 1322 1792 dederunt,
1341 1717 1409 1778 nisi

463 1817 555 1901 quod
571 1826 715 1902 uterque
732 1825 834 1882 terrae
851 1824 982 1882 sanctae
998 1817 1159 1881 festinum
1181 1816 1411 1898 promiserunt

465 1918 646 1995 auxilium,
678 1937 748 1982 non
776 1917 866 1980 enim
891 1917 968 1981 leve
994 1917 1043 1980 eis
1072 1916 1256 1998 videbatur
1281 1917 1324 1978 ab
1348 1935 1411 1978 ex·

463 2017 583 2081 tremis
598 2017 724 2080 finibus
741 2016 928 2080 occidentis
952 2035 1023 2079 rem
1046 2021 1118 2080 tam
1141 2016 1282 2080 arduam
1299 2022 1411 2079 atten-

463 2123 558 2196 tare3
587 2115 786 2198 patriarcba
806 2135 901 2196 vero,
927 2115 1026 2198 cujus
1052 2116 1230 2197 negotium
1255 2115 1291 2177 in
1314 2123 1410 2200 arcto

463 2222 539 2280 erat
558 2217 720 2298 positum,
743 2235 805 2297 spe
830 2215 1019 2279 frustratus
1043 2214 1087 2277 ad
1118 2215 1261 2296 propria·
1281 2201 1412 2277 remeass

463 2316 528 2380 vit.
579 2315 710 2380 Eodem
728 2334 818 2381 anno
836 2313 946 2396 Hugo
960 2315 1005 2377 de
1022 2313 1138 2392 Laeio,
1160 2313 1319 2378 dominus
1334 2333 1413 2395 pro·

464 2414 587 2479 vinciae
616 2434 694 2496 qum
722 2413 841 2478 Media
868 2412 1005 2490 dicitur,
1030 2406 1251 2480 ³interfectus
1278 2421 1332 2477 est
1357 2432 1411 2478 oc·

463 2520 546 2578 tavo
562 2512 729 2577 kalendas
745 2512 907 2596 Augusti.
953 2513 1084 2577 Eodem
1102 2519 1268 2596 tempore,
1287 2513 1412 2577 comite

464 2612 692 2690 Huntendon,
717 2633 794 2678 curn
817 2615 949 2695 absquo
967 2613 1085 2676 liberis
1111 2612 1327 2687 decessisset,
1348 2631 1411 2675 rex

463 2709 657 2792 Anglorum
680 2711 774 2776 dedit
796 2713 996 2777 comitatum
1018 2710 1114 2776 illum
1135 2713 1209 2792 regi
1228 2711 1410 2774 Scotorum

462 2810 639 2875 Willelmo
664 2830 741 2873 cum
769 2811 987 2892 pertinentiis
1019 2811 1101 2874 suis.
1158 2809 1287 2874 Eodem
1318 2827 1410 2872 anno

464 2909 643 2973 Gilbertus
669 2908 712 2972 de
738 2907 929 2988 Glanvilla,
961 2909 1221 2974 archidiaconus
1254 2909 1409 2972 Luxoni·

460 3009 565 3084 ensis,
588 3011 810 3074 consecratus
832 3016 886 3073 est
908 3010 1090 3092 episcopus
1112 3008 1285 3072 Roffensis
1307 3007 1410 3072 tertio

459 3105 630 3172 kalendas
670 3107 842 3173 Octobris.
909 3109 953 3173 In
991 3108 1111 3172 codem
1150 3116 1303 3191 tempore
1339 3108 1411 3171 dux

461 3207 641 3271 ‘Saxonum
658 3206 833 3272 Henricus
849 3208 991 3273 licentia
1003 3208 1222 3290 imperatoris
1244 3207 1346 3272 rediit
1367 3205 1411 3269 ad

462 3306 614 3390 propria,
632 3326 696 3370 suo
711 3313 846 3371 tantum
862 3307 1070 3390 patrimonio
1087 3313 1281 3371 contentus.

516 3469 607 3545 Quod
619 3469 834 3547 Boldcmioos,
850 3469 1085 3536 ominationem
1101 3469 1358 3558 archiopisemus,
1400 3555 1402 3560 ,

685 3567 828 3653 politam
843 3578 871 3634 at
886 3569 1032 3656 &poliam
1046 3569 1187 3658 suscepit.

513 3681 618 3748 Anno
650 3685 787 3748 Domini
817 3701 1029 3750 uonxxxvr.
1060 3684 1294 3775 Baldewinus,
1321 3683 1411 3748 Can·

464 3783 648 3848 tuariensis
671 3783 963 3867 archiepiscopus,
985 3783 1129 3866 pallium
1146 3803 1225 3848 cum
1240 3783 1414 3865 legatione

498 3931 545 3982 ¹In
568 3933 715 3983 Hiberniam
734 3933 924 3998 trepidarit]
948 3935 1086 3985 missioned
1104 3936 1138 3997 by
1156 3935 1199 3984 the
1216 3949 1282 3996 pope
1299 3935 1339 3984 sor
1359 3935 1414 3984 that

462 4002 553 4065 Henry
569 4003 620 4054 bad
636 4004 755 4054 obtained
771 4005 843 4056 leave
861 4005 924 4056 from
949 4019 1069 4066 purpose,
1082 4006 1129 4054 but
1141 4005 1230 4066 Henry
1240 4004 1356 4055 deferred
1371 4005 1413 4054 tbc

462 4072 560 4134 Urban,
569 4073 706 4136 according
717 4079 742 4123 to
754 4073 886 4135 Hoveden,
897 4079 923 4122 to
948 4075 1102 4137 coronation,
1114 4089 1140 4136 p.
1151 4078 1209 4124 634.
1328 4121 1332 4130 ,

461 4155 546 4190 crown
557 4142 678 4191 eitherof
690 4143 731 4192 bis
744 4157 802 4192 sons
818 4143 881 4205 king
898 4143 928 4192 os
983 4140 1196 4206 ’Vallem·liuil.]
1210 4143 1360 4192 Vaudrouil.

460 4210 572 4273 Ireland,
597 4227 623 4272 p.
642 4216 706 4272 6313
726 4212 776 4260 and
798 4213 825 4260 in
850 4217 924 4273 1187,
984 4210 1150 4274 'Interfectus
1171 4212 1245 4276 est‚]
1269 4214 1304 4262 ‘e
1324 4213 1412 4263 Malva

460 4279 586 4329 Octavian
601 4282 651 4329 and
669 4281 749 4342 Hugh
759 4280 792 4330 de
808 4281 923 4342 Numi,
948 4283 1187 4345 Miscuimsnnmae
1195 4279 1412 4345 manushomine3’

458 4347 586 4409 bishopoi
593 4349 718 4413 Durham,
726 4350 775 4399 bad
786 4351 922 4400 beencom·
948 4351 1049 4415 Diceto,
1061 4353 1109 4405 ool.
1121 4356 1178 4404 626.
