3178 5194
460 561 526 627 348
715 575 849 626 aornar
873 574 921 624 nr
944 575 1152 626 wnunovnn

300 757 365 846 331,
366 755 422 846 quo.
460 735 483 799 J
487 755 582 799 esum
606 734 749 798 credidit
765 734 1007 811 Nazarenum
1037 734 1162 796 deinde
1185 752 1270 815 puer
1292 732 1412 796 eodem

299 857 410 897 soma
461 836 562 900 rnodo
580 854 649 917 quo
664 842 807 898 venerat
824 835 860 898 in
878 853 917 897 os
933 833 1034 896 rediit
1051 833 1219 896 crucifixi.

366 1036 369 1040 ’
463 1022 555 1109 Quod
571 1041 670 1097 mater
684 1032 815 1097 Domini
832 1039 860 1095 et
880 1031 995 1095 Morio
1011 1029 1207 1116 Magdolcuo
1226 1028 1310 1093 bruto
1332 1029 1416 1092 God»

511 1135 576 1198 rico
591 1141 815 1217 effloruerunt,
826 1142 854 1196 et
869 1130 905 1194 da
916 1130 1046 1206 cantico,
1062 1129 1144 1214 quod
1155 1151 1176 1192 o
1191 1137 1290 1193 matre
1300 1128 1415 1192 didicit

513 1232 700 1296 delecteris.

512 1357 637 1422 Altera
654 1357 836 1433 virerum
851 1356 906 1420 vir
926 1361 1069 1419 sanctus
1092 1375 1208 1419 coram
1230 1353 1332 1418 altari
1353 1355 1414 1418 be·

463 1467 531 1522 atae
554 1457 700 1538 virginis
722 1463 757 1519 et
780 1453 848 1517 Dei
871 1454 1047 1536 genitricis
1068 1462 1195 1531 oraret,
1216 1453 1303 1518 vidit
1325 1454 1415 1516 duas

463 1557 609 1639 puellas,
624 1555 723 1638 quasi
746 1560 850 1618 aetate
866 1560 1016 1630 teneras,
1032 1560 1165 1616 stantes
1181 1553 1224 1616 ad
1247 1552 1316 1615 duo
1337 1571 1413 1615 cor-

465 1675 534 1718 nua
561 1655 670 1736 ipsius
696 1652 817 1716 altaris
842 1654 957 1735 specie
982 1652 1241 1734 pulcherrimae,
1266 1671 1413 1733 quarum

465 1761 578 1818 vestes
605 1760 705 1816 erent
729 1753 831 1815 niveo
854 1751 1038 1834 splendore
1062 1750 1255 1833 fulgentes;
1287 1747 1413 1832 quibus

465 1853 525 1916 diu
559 1853 706 1915 invicem
741 1868 778 1914 se
815 1850 1141 1932 contemplantibus
1175 1851 1285 1914 tacuit
1316 1848 1414 1913 God-

466 1954 557 2016 ricus
583 1972 652 2016 non
679 1969 784 2014 ausus
811 1969 848 2014 se
875 1969 1025 2027 movere,
1050 1950 1110 2012 sed
1136 1949 1263 2031 saepius
1288 1951 1326 2012 in
1353 1969 1414 2012 eas

466 2052 585 2115 oculos
602 2050 827 2115 convertebat
849 2056 884 2112 et
902 2049 1108 2131 quandoque
1126 2068 1271 2112 cernuus
1290 2049 1414 2112 adora-

463 2152 535 2214 bat.
591 2151 691 2214 Tunc
724 2148 877 2229 virgines
908 2147 952 2210 ad
981 2146 1169 2211 Godricum
1199 2146 1414 2226 accedentes,

464 2251 536 2327 illa,
555 2269 632 2332 quae
656 2269 677 2312 a
698 2249 831 2311 dextris
854 2254 929 2310 erat
951 2246 1083 2323 altariS,
1106 2247 1203 2309 illurn
1227 2247 1343 2310 taliter
1360 2257 1416 2310 est

466 2347 780 2430 affata‚‘Nunquid
794 2344 1030 2422 me,G0drice,
1042 2343 1254 2426 cognoscisi'
1281 2345 1327 2408 Et
1341 2344 1415 2423 ille,

466 2449 650 2526 ‘Domina,
662 2447 727 2511 hoc
742 2465 842 2509 nemo
857 2451 984 2526 potest,
994 2445 1062 2507 nisi
1073 2447 1129 2508 cui
1146 2452 1180 2509 te
1194 2445 1342 2508 volneris
1359 2465 1414 2508 re-

465 2549 581 2610 velare
594 2548 615 2625 ;’
639 2553 674 2610 et
692 2546 765 2621 illa,
776 2544 887 2608 ‘Vere
904 2543 1035 2620 dixisti,
1052 2545 1135 2624 quia
1156 2551 1266 2607 mater
1283 2543 1413 2607 Christi

466 2666 555 2722 sum,
578 2653 613 2709 et
636 2665 697 2727 per
719 2663 774 2706 me
800 2643 910 2724 ipsius
933 2643 1081 2724 gratiam
1105 2642 1285 2707 obtinebis
1338 2642 1417 2705 Ista

466 2752 520 2808 est
545 2751 661 2807 autem
684 2742 920 2824 apostolorum
944 2742 1116 2824 apostola,
1133 2742 1248 2804 Maria
1266 2741 1416 2823 Magda-

465 2843 565 2906 lene.'
610 2843 657 2906 Et
675 2840 847 2905 Godricus
862 2841 1008 2923 pedibus
1031 2841 1098 2904 Dei
1115 2841 1291 2922 genitricis
1308 2841 1417 2905 adro-

465 2943 572 3018 lutuS,
590 2941 688 3005 ‘Tibi
708 2960 771 3017 me,
790 2940 930 3003 domina
944 2940 1045 3016 mea,’
1062 2941 1187 3021 inquit,
1204 2941 1416 3017 ‘committo,

465 3048 505 3104 ut
519 3061 573 3104 me
587 3048 754 3122 perpetuo
770 3040 943 3102 custodire
959 3039 1136 3120 digneris)
1166 3039 1266 3102 Tunc
1285 3046 1415 3103 utram-

466 3159 533 3221 que
554 3159 694 3202 manum
717 3158 821 3220 super
839 3144 945 3220 caput
967 3137 1042 3221 ejus
1062 3139 1238 3219 imposuit,
1256 3145 1291 3202 et
1308 3158 1416 3201 caesa-

466 3240 551 3302 riem
566 3239 825 3321 complanantes
843 3237 982 3300 domurn
999 3237 1104 3300 odore
1117 3236 1282 3300 dulcifluo
1304 3238 1416 3319 reple-

467 3346 601 3404 verunt.
655 3338 742 3402 Post
759 3337 833 3400 haec
848 3343 963 3399 antem
983 3335 1050 3399 Dei
1073 3337 1225 3418 genitrix
1243 3337 1417 3400 canticum

467 3438 639 3520 quoddam
670 3456 786 3501 coram
812 3436 872 3498 illo
903 3435 1035 3498 musica
1064 3437 1298 3500 modulatione
1330 3457 1419 3518 prae-

466 3537 574 3600 cinuit
592 3544 627 3600 et
646 3535 760 3618 ipsum
776 3541 918 3599 cantare
938 3534 1087 3611 edocuit,
1107 3531 1200 3616 quod
1220 3534 1419 3616 frequenter

466 3642 624 3718 repetens
643 3634 815 3699 Godricus
845 3634 1019 3697 memoriae
1037 3633 1180 3698 firmiter
1201 3635 1420 3698 commenda-

466 3736 529 3798 vit.
574 3735 638 3798 Est
654 3742 771 3798 autern
788 3733 961 3797 canticum
983 3732 1068 3795 illud
1085 3731 1235 3816 Anglico
1255 3734 1419 3797 idiomate

466 3834 697 3916 compositum
715 3833 786 3912 sic;

608 4014 723 4072 ‘Seinte
739 4013 842 4082 Mario,
857 4013 938 4070 olane
951 4014 1072 4088 virgine,
1084 4003 1085 4010 ἵ

628 4111 732 4168 Moder
746 4111 816 4168 Jesu
832 4109 930 4168 Christ
945 4108 1103 4175 Nazarene‚

628 4206 716 4273 Onfo‚
731 4205 810 4272 scild,
825 4205 891 4281 help·
905 4205 968 4261 thiu
984 4203 1102 4270 Gorich‚

628 4302 675 4360 O'n
690 4303 767 4377 fang,
781 4302 866 4377 bring
879 4300 954 4358 heali
970 4300 1042 4358 widh
1057 4299 1106 4356 the
1121 4300 1150 4355 in
1166 4299 1263 4357 Godes
1278 4299 1350 4356 rich,
