3104 5186
402 543 543 593 encres
566 544 838 596 ursroareanu.
1054 533 1097 600 81

133 709 311 766 matorum
329 702 452 787 copiis,
468 712 504 769 et
519 705 752 772 moderamine
770 724 926 789 congruo
948 707 1015 773 iter
1032 727 1094 774 ex·
1108 721 1163 763 Aul>
1175 723 1232 765 ¹⁰⁹⁷·

131 803 329 884 pedieuteS,
352 803 512 868 Nicaeam
531 823 593 887 per
615 805 682 868 Dei
706 806 858 887 gratiam
878 807 1092 890 attigerunt3
1106 821 1143 862 th
1108 771 1255 866 mmo·

133 903 192 965 ubi
217 902 373 966 castris
361 923 400 965 ιιι
422 924 547 986 gyrum
567 903 758 986 dispositis,
778 905 856 969 loca
877 913 994 970 tamen
1009 927 1094 972 ven-

132 1002 221 1064 turis
243 1002 442 1082 legionibus
463 1009 690 1078 reservantes,
707 1005 827 1068 urbem
843 1025 961 1069 mense
983 1005 1092 1085 Maio,

132 1100 267 1165 decimo
284 1101 406 1183 quinto
426 1101 482 1166 die
503 1103 643 1178 mensis,
665 1103 702 1166 in
720 1103 775 1168 die
794 1102 954 1168 videlicet
973 1105 1093 1171 Domi-

131 1200 220 1263 nicae
235 1201 462 1278 ascensionis,
478 1201 698 1266 obsederunt.
751 1202 877 1267 Comes
894 1223 976 1268 vero
994 1203 1091 1269 Tho·

131 1297 276 1362 losanns
299 1300 448 1381 negotiis
470 1300 704 1383 pertractatis,
722 1309 863 1385 sumpta
879 1303 924 1365 ab
940 1301 1089 1385 impera·

132 1404 207 1462 tore
220 1398 375 1476 licentia,
390 1400 435 1463 ad
449 1401 569 1463 urbem
585 1400 788 1482 praedictam
803 1401 906 1465 velox
918 1403 1088 1484 pervenit,

132 1506 166 1560 et
191 1499 330 1563 caeteris
355 1518 393 1562 se
424 1498 636 1582 principibus
662 1498 875 1564 obsidionem
902 1501 1087 1582 agentibus

132 1617 209 1660 cum
225 1598 420 1680 legionibus
436 1598 628 1684 conjunxit.

167 1771 312 1856 aerea
328 1771 555 1838 marma
571 1721 653 1837 aaa
668 1773 713 1837 aa
726 1771 909 1838 ornacula
920 1774 1035 1839 urae

531 1872 679 1936 deitatis.

177 1988 351 2058 Audiens¹
371 2002 487 2060 autem
503 1994 576 2058 dux
595 1993 878 2088 Narmannornm
894 1992 1083 2074 Robertus,
1096 2021 1244 2074 erutorum.

131 2091 289 2157 Nicaeam
304 2097 424 2158 urbem
444 2113 466 2158 a
482 2094 706 2177 principibus,
723 2094 782 2176 qui
801 2094 915 2175 ipsum
937 2113 1084 2175 praeces-

129 2199 258 2269 serant,
280 2193 353 2276 Jam
379 2213 454 2257 esse
478 2194 654 2257 obsidione
673 2192 852 2269 vallatam,
882 2193 1083 2259 convocatis

129 2291 195 2355 viee
214 2293 432 2356 consortibus
457 2293 669 2374 sarcinisque
692 2292 904 2374 compositis,
920 2292 964 2356 ad
987 2311 1081 2357 mare

128 2389 332 2470 descendit3
366 2399 401 2455 et
426 2411 570 2469 moram,
597 2410 701 2472 quam
727 2392 856 2457 fecerat
879 2392 914 2454 in
939 2389 1081 2475 Apulia,

129 2489 296 2554 redimere
322 2491 477 2572 cupiens,
500 2511 578 2555 cum
603 2491 696 2554 omni
722 2491 974 2572 tranquillitate
1004 2490 1080 2555 Illi·

128 2589 210 2666 rico,
230 2589 447 2667 Macedonia,
466 2597 501 2654 et
522 2599 668 2671 utraque
686 2588 836 2653 Thracia
860 2591 1080 2668 transcursis,

129 2685 467 2771 Constantinopolim
492 2689 660 2771 pervenit.
714 2689 784 2752 Ubi
806 2689 850 2751 ab
873 2688 1080 2770 imperatore

127 2793 286 2866 vocatus,
301 2808 396 2852 more
410 2789 556 2852 aliorum
570 2788 776 2870 principum,
791 2786 992 2852 fidelitatem
1008 2794 1079 2852 tam

127 2885 202 2967 ipse
216 2907 321 2969 qnam
337 2889 480 2952 comites
494 2888 554 2970 qui
571 2907 647 2952 curn
664 2906 704 2951 eo
719 2893 888 2950 venerant
902 2887 1078 2966 lecerunt;

128 2991 162 3047 et
189 2986 270 3050 inde
293 2987 331 3050 in
352 2987 552 3069 ampliorem
577 2986 707 3068 recepti
734 2987 893 3068 gratiam,
919 2985 956 3049 in
982 3004 1078 3063 auro,

126 3086 283 3149 vestibus
302 3086 476 3168 pretiosis,
492 3085 586 3151 vasis
613 3092 684 3148 tam
711 3085 858 3149 artificio
876 3103 979 3166 qnam
1004 3104 1078 3149 ma·

126 3184 216 3247 teria
238 3184 466 3248 admiratione
492 3185 617 3267 dignis,
643 3183 842 3247 holosericis
866 3201 1002 3267 quoque
1024 3184 1078 3249 iu·

126 3283 255 3347 auditae
287 3285 539 3362 aestimationis,
572 3283 663 3348 dona
693 3288 930 3365 susceperunt,
960 3283 1078 3365 qualia

125 3381 221 3461 prius
244 3401 315 3446 non
335 3383 506 3463 viderant,
528 3390 563 3448 et
586 3381 773 3466 quaeipsis
796 3381 899 3446 etiam
923 3388 1078 3464 recepto·

125 3479 220 3544 ribus
237 3488 416 3564 stuporem
431 3484 607 3558 inferrent,
629 3481 711 3543 dum
731 3499 844 3544 rerum
866 3486 969 3544 antea
984 3479 1078 3544 visa·

126 3597 203 3641 rum
224 3580 432 3645 excederent
445 3581 661 3663 dignitatem.
714 3578 848 3642 Deinde
870 3585 1010 3661 sumpta
1032 3580 1077 3643 ab

126 3677 334 3760 imperatore
349 3680 502 3756 licentia,
513 3679 730 3760 transitoque
744 3677 987 3760 Hellesponto,
999 3698 1077 3742 cnm

127 3777 201 3838 suis
221 3777 415 3860 legionibus
434 3778 591 3843 Nicaeam
613 3784 857 3861 pervenerunt,
874 3796 896 3840 a
911 3777 1077 3861 principi·

126 3875 205 3952 bus,
220 3877 278 3958 qui
295 3896 355 3942 eos
372 3884 625 3960 praevenerant,
641 3896 778 3958 magnae
794 3875 988 3940 devotionis
1005 3896 1078 3940 am-

126 4079 286 4153 putatum
308 4077 503 4140 obtinentes
528 4083 643 4141 castra
663 4073 846 4156 magnifice
866 4081 1076 4140 statuerunt.

278 4314 287 4349 ¹
298 4318 409 4370 Auram
419 4325 500 4370 uatem
510 4319 590 4382 dum]
613 4318 684 4370 Will.
696 4317 757 4380 Tyr.
769 4331 813 4378 pp.
826 4318 884 4377 666,
895 4317 954 4366 664.

173 4407 252 4456 VOL.
270 4410 309 4459 ll.
903 4405 925 4451 G
