3138 5184
376 511 516 560 aionas
541 513 810 564 nrsronranuu.
1000 501 1065 566 211

118 669 231 730 arium
264 669 524 736 innumerabilis
556 673 755 749 multitudo,
785 691 864 754 quae
892 674 1062 754 gregatim
1076 687 1198 729 nonin.

118 767 275 831 volantes
300 778 338 832 et
363 769 566 851 longissima
591 771 680 834 aeris
703 769 818 853 spatia
851 779 1063 854 occupantes

117 864 326 930 horribiliter
339 887 415 932 sese
431 869 670 952 deplumantes
685 871 900 952 pugnabant,
924 877 1065 953 porten.

117 963 233 1028 dentes
250 964 400 1030 fortasse
416 967 566 1031 schisma
580 967 733 1032 futurum
749 969 841 1032 inter
857 969 945 1032 duos
956 969 1063 1052 paulo

116 1070 188 1141 post
206 1065 424 1146 apostolicos
439 1066 482 1130 de
499 1073 629 1148 papatu
643 1066 904 1132 contendentes.

283 1235 335 1298 De
348 1235 507 1299 selinunte
520 1236 601 1298 inter
615 1235 691 1329 duos
705 1237 894 1322 apostolicos.

159 1357 270 1422 Anno
282 1358 426 1437 Domini
440 1375 602 1436 mcxxx,
611 1360 774 1424 destructo
783 1379 875 1442 papa
889 1361 1061 1438 Honorio,
1074 1389 1129 1428 nn.
1140 1392 1196 1430 lito.

120 1457 269 1520 Romani
296 1457 334 1520 in
363 1457 431 1521 duo
453 1458 555 1522 divisi
586 1458 674 1522 dnos
707 1459 895 1540 elegerunt,
920 1460 1060 1541 qnidam
1073 1438 1212 1528 sslfflfm

119 1555 372 1632 Innocentium,
388 1563 424 1620 et
439 1556 499 1619 alii
518 1553 742 1636 Anacletnm3
764 1558 824 1621 sed
840 1552 1060 1636 ¹Anacletus,

118 1663 256 1736 propter
277 1655 404 1720 fratres
434 1673 528 1732 suos,
552 1656 732 1737 quierant
758 1656 823 1721 viri
846 1664 1004 1740 potentes
1026 1665 1064 1722 et

117 1753 218 1816 castri
253 1752 508 1817 crescentionis
539 1753 714 1818 habebant
746 1756 989 1838 principatum,
1025 1757 1062 1820 in

119 1853 197 1915 urhe
220 1853 410 1930 remansit3
435 1852 659 1917 Innocentius
686 1873 769 1918 vcro
794 1853 838 1918 ad
865 1853 1062 1937 Cisalpinos

120 1951 281 2014 transivit
313 1951 479 2032 expulsus
505 1970 527 2014 a
555 1951 737 2030 Romanis,
764 1952 826 2035 qui
853 1953 997 2016 veniens
1024 1954 1060 2014 in

118 2047 268 2112 Galliam
292 2049 385 2130 apud
400 2049 589 2114 carnotum
608 2070 727 2132 aroge
744 2050 939 2132 Anglorum
963 2051 1062 2114 Heu·

118 2149 184 2212 rico
195 2147 387 2212 honorifice
399 2155 559 2231 receptus
573 2156 638 2225 est,
650 2156 774 2233 etpost
787 2149 924 2214 Pascha
936 2150 1062 2214 iterum

117 2248 246 2329 recepit
271 2264 400 2328 papam
430 2247 575 2311 eundem
606 2248 700 2331 apud
728 2249 998 2330 Rothomagum‚
1027 2256 1062 2311 et

118 2339 266 2409 anxilio²
285 2345 361 2428 ejus
382 2366 443 2428 per
459 2353 569 2410 totam
585 2345 737 2412 Galliam
759 2347 929 2411 admissus
953 2353 1006 2411 est
1027 2354 1062 2410 et

116 2463 207 2527 papa
235 2445 280 2506 ab
308 2445 467 2508 omnihus
490 2446 782 2525 acclamatus3et
803 2446 866 2522 sic,
888 2463 970 2526 rege
987 2445 1062 2509 An-

116 2542 251 2621 glorum
265 2550 485 2624 procurante,
502 2542 736 2620 Lodowicum,
750 2543 892 2608 fratrem
908 2543 1062 2628 Philippi

119 2641 334 2704 Francorum
359 2643 452 2722 regis
478 2641 643 2718 defuncti,
671 2643 791 2706 Remis
819 2643 997 2707 coronavit
1025 2644 1062 2706 ln

117 2759 243 2820 regem.
288 2739 436 2818 Deinde,
452 2741 488 2802 in
504 2741 688 2805 nativitato
703 2743 816 2806 beatae
833 2741 969 2818 Mariae,
985 2741 1061 2804 red-

117 2838 205 2902 didit
222 2859 287 2902 rex
310 2839 415 2904 filiam
435 2858 533 2902 snam
555 2841 808 2922 imperatricem
827 2841 902 2904 viro
922 2859 986 2904 sno
1006 2859 1064 2904 co·

118 2938 193 3002 miti
208 2936 457 3019 Andegavensi
471 2936 653 3002 (lanfrido.

222 3110 273 3174 De
286 3118 381 3175 morte
394 3109 584 3188 Booortmdo',
593 3109 755 3195 praeopta
769 3109 961 3176 Anartoi.

168 3234 302 3298 Eodem
347 3252 438 3297 anno
468 3227 658 3311 ³Rodoam,
692 3233 856 3316 Halapioe
890 3233 1063 3315 princeps,
1077 3256 1179 3296 neruos

1077 3306 1207 3346 Bohemond.

116 3332 205 3396 fines
225 3332 463 3398 Antiochenos
485 3331 658 3396 hostiliter
676 3334 864 3414 ingressus,
892 3332 1065 3395 Boamun·

14 3423 15 3446 ³
116 3431 200 3496 dum
225 3430 423 3495 Antiochiae
445 3431 634 3513 principem
662 3431 729 3495 sibi
753 3436 1002 3506 occurrentem,
1026 3437 1066 3493 ut

118 3530 235 3611 ipsum
267 3530 480 3611 reprimeret,
507 3529 544 3592 in
574 3530 697 3595 Cilicia
725 3530 843 3611 gladio
870 3528 1066 3593 confossum

115 3629 276 3708 peremit.
329 3627 409 3690 Rex
438 3627 659 3693 Hierusalem
684 3630 727 3693 ab
753 3627 981 3692 Antiochenis
1006 3646 1065 3691 vo·

117 3731 232 3803 catns,
250 3731 291 3788 ut
315 3731 421 3788 tantae
443 3724 634 3791 calamitati
656 3727 745 3790 ferat
767 3726 948 3802 auxilium,
970 3723 1066 3787 festi·

157 3907 164 3936 ¹
177 3911 316 3962 tarentas.
329 3913 340 3974 ]
364 3913 503 3962 Anaoletus
522 3910 582 3960 died
607 3909 692 3968 owing
703 3913 729 3956 to
739 3908 781 3959 the
792 3908 915 3960 influenoe
926 3906 955 3954 oi
967 3907 994 3956 S.
1006 3907 1068 3954 Ber-

117 3995 152 4028 on
166 3979 206 4030 the
217 3980 277 4028 rath
293 3981 354 4031 Jan.
367 3985 441 4042 tres,
450 3981 524 4028 when
541 3979 583 4026 In·
607 3977 670 4025 nard
686 3980 713 4024 at
724 3976 765 4024 the
780 3975 919 4025 councilof
936 3977 1067 4035 Eturnpes,

116 4053 210 4097 nocent
220 4048 280 4096 held
296 4049 338 4098 the
356 4064 398 4097 aee
410 4051 436 4096 in
452 4050 585 4108 undispnt·
607 4047 662 4095 that
673 4045 795 4094 innocent
805 4059 859 4093 was
875 4044 1031 4106 recogntred
1041 4044 1066 4090 iu

118 4119 154 4166 ed
172 4119 312 4177 poesesdon
329 4118 394 4167 until
411 4117 451 4166 his
465 4118 541 4166 death
558 4118 584 4165 in
609 4117 713 4164 Franco.

119 4191 195 4236 11⁴³.
643 4181 780 4242 ⁸Rodoom,
798 4181 912 4244 Holopioe
925 4181 1047 4244 princeps.
1057 4179 1068 4240 ]

158 4252 171 4284 ²
182 4255 281 4304 Auxilio
291 4259 351 4318 ejus.
361 4257 373 4319 ]
391 4255 417 4304 It
427 4270 482 4304 was
497 4254 586 4315 chiefly
610 4252 681 4301 Will.
692 4252 752 4312 Tyr.
765 4265 790 4310 p.
802 4255 859 4299 849.

915 4330 929 4364 r
947 4322 962 4365 2
