3144 5180
443 539 509 604 314
698 555 833 604 noonnr
856 556 904 602 un
926 555 1134 604 wnunovnn

285 739 406 782 inrue.
445 715 616 793 tudinum,
643 715 792 798 quasin
819 734 926 796 reguo
942 713 1137 796 Anglorum
1162 712 1307 778 ‘avitas'
1332 731 1396 794 ap-

446 815 591 898 pellant,
621 815 875 890 observatores,
904 813 1103 878 defensores
1131 820 1167 877 et
1200 814 1396 878 incentores
1451 819 1454 825 '

447 913 599 981 candelis
624 913 938 982 excommunicavit
967 912 1133 989 accensis,
1156 921 1192 975 et
1213 913 1305 976 inter
1325 931 1395 974 eae-

448 1019 541 1076 teros
569 1011 772 1078 nominatim
798 1011 1012 1076 Richardum
1041 1011 1085 1074 de
1118 1010 1217 1087 Luci,
1245 1009 1396 1078 Richar-

448 1112 541 1187 dum,
563 1110 842 1175 archidiaconum
866 1109 1121 1187 Pictavensem,
1137 1108 1161 1172 J
1163 1109 1331 1174 ooelinurn
1349 1108 1397 1171 de

449 1209 578 1287 Bailul,
594 1209 747 1274 Alanum
762 1209 805 1273 de
823 1207 977 1285 Nevilla,
992 1214 1029 1271 et
1044 1208 1131 1272 alios
1147 1207 1369 1290 quamplures
1384 1227 1394 1284 ;

448 1309 509 1371 sed
530 1308 599 1390 ipsi
616 1309 777 1372 absentes
799 1315 835 1372 et
857 1326 927 1371 non
944 1306 1060 1372 vocati
1083 1326 1146 1371 nec
1168 1305 1330 1383 convicti,
1353 1313 1396 1370 ut

449 1406 622 1485 dicebant,
660 1405 959 1482 excommunicati,
990 1405 1104 1468 missis
1142 1405 1185 1468 ad
1221 1404 1396 1486 archiepi-

449 1525 591 1587 scopum
619 1506 757 1586 legatis,
792 1505 1055 1587 appellaverunt
1078 1510 1114 1568 et
1135 1503 1315 1568 ecclesiam
1340 1503 1397 1565 in-

449 1611 639 1668 traverunt.
683 1602 750 1666 Sed
767 1622 837 1666 non
851 1603 961 1667 multo
977 1608 1057 1684 post
1072 1601 1268 1666 Willelmus
1286 1601 1396 1684 Papi·

447 1702 541 1766 ensis
570 1708 607 1765 et
635 1700 815 1766 Johannes
847 1700 1113 1784 Neapolitanae,
1143 1699 1336 1764 cardinales
1371 1719 1396 1764 a

449 1799 557 1866 latere
587 1800 712 1863 summi
741 1799 914 1882 pontificis
943 1799 1119 1876 destinati,
1151 1799 1243 1881 apud
1271 1799 1395 1862 Munt-

449 1899 549 1962 miral
566 1917 682 1980 regem
699 1897 892 1963 Henrioum
913 1893 949 1962 et
964 1898 1146 1976 Thomam,
1166 1897 1398 1962 Cantuarien-

450 2017 521 2062 sem
547 1997 855 2081 archiepiscopum,
881 2004 1139 2076 convocarunt3
1173 2003 1209 2060 et
1229 1996 1313 2059 licet
1334 2015 1397 2060 eos

450 2097 486 2158 iu
501 2075 636 2178 partem
658 2096 749 2178 regis
768 2096 1048 2178 archiepiscopus
1065 2095 1300 2161 inclinatiores
1319 2112 1396 2156 sen-

451 2195 565 2273 sisset,
588 2202 672 2259 tuno
693 2203 810 2259 tamen
836 2196 873 2280 in
896 2194 1066 2278 judicium
1091 2194 1215 2258 deduci
1242 2211 1285 2258 ea
1307 2191 1396 2254 rati-

452 2314 518 2357 one
548 2294 730 2372 coucessit,
757 2293 988 2358 residentibus
1019 2293 1088 2355 illis
1113 2293 1150 2354 in
1176 2291 1397 2367 consistorio,

450 2401 502 2469 ut,
524 2393 712 2457 secundum
740 2392 896 2455 ecclesiae
919 2391 1078 2467 sormam,
1099 2398 1173 2453 tam
1196 2390 1263 2453 sibi
1289 2407 1396 2471 quam

451 2491 525 2553 suis
548 2492 644 2572 prius
666 2491 764 2554 fieret
785 2490 889 2571 plena
910 2489 1084 2552 restitutio
1108 2489 1314 2564 ablatorum,
1332 2507 1398 2550 nec

450 2589 541 2650 enim
563 2588 732 2670 spoliatus
750 2588 919 2672 judicium
943 2588 1058 2651 subire
1083 2587 1206 2663 voluit,
1230 2605 1293 2650 neo
1317 2587 1398 2666 cogi

450 2686 565 2766 potuit
582 2687 716 2749 ratione
732 2705 741 2766 ;
776 2686 868 2767 quod
891 2704 970 2747 cum
991 2673 1042 2749 illi
1059 2704 1122 2749 nec
1139 2684 1252 2750 facere
1267 2684 1397 2749 vellent

452 2802 515 2847 nec
541 2789 695 2865 possent,
719 2783 847 2847 infecto
877 2783 1030 2865 negotio,
1056 2784 1231 2865 praedictis
1257 2801 1398 2846 excom-

450 2882 635 2946 municatis
666 2881 761 2964 prius
791 2881 972 2957 absolutis,
1003 2881 1047 2944 ad
1073 2881 1203 2946 curiam
1233 2887 1317 2944 sunt
1341 2901 1397 2944 re-

454 2980 553 3042 versi.
604 2977 755 3043 Alanum
781 2997 864 3043 vero
890 2980 932 3042 de
962 2977 1103 3044 Nevilla
1124 2979 1276 3043 absolvit
1298 2978 1397 3042 Gile-

451 3078 583 3154 bertus,
609 3076 861 3141 Londoniensis
885 3078 1089 3160 episcopus;
1124 3085 1268 3161 accepto
1288 3079 1332 3141 ah
1353 3096 1397 3141 eo

451 3183 680 3252 sacramento,
697 3175 788 3258 quod
803 3178 840 3240 in
857 3176 969 3241 eundo
987 3176 1268 3258 Hierosolymam
1280 3183 1397 3240 trans·

451 3275 516 3338 iret
538 3294 602 3356 per
625 3275 802 3338 dominum
824 3293 958 3356 papam
981 3284 1018 3338 et
1038 3275 1114 3357 ejus
1137 3280 1274 3358 pareret
1299 3292 1398 3337 man-

357 3457 359 3463 *
450 3373 545 3438 dato.
597 3374 728 3438 Eodem
760 3381 913 3454 tempore
946 3372 1163 3451 Lodowious,
1192 3393 1255 3436 rex
1285 3373 1398 3436 Fran·

452 3491 583 3548 corum,
603 3473 698 3536 veuit
725 3471 993 3550 Pontiniacum3
1025 3478 1073 3548 et,
1095 3490 1138 3535 ne
1160 3471 1242 3553 quid
1270 3490 1399 3550 aroge

451 3569 646 3651 Anglorum
668 3569 766 3634 fieret
785 3569 822 3632 in
844 3569 1030 3653 perniciem
1045 3569 1283 3634 cisterciensis
1304 3567 1401 3632 ordi·

452 3670 518 3746 nis,
551 3668 732 3746 Thomam,
763 3667 1048 3732 Cantuariensem
1091 3668 1400 3752 archiepiscopum,

452 3766 509 3829 cui
532 3766 607 3848 jam
631 3787 695 3848 per
721 3766 897 3830 biennium
925 3765 1212 3830 Pontiniacenses
1238 3765 1400 3829 monachi

452 3883 587 3928 omnem
615 3863 844 3928 exhibuerant
868 3864 1131 3942 humanitatem,
1158 3864 1313 3928 Senonas
1344 3883 1401 3927 se·

450 3982 530 4025 cum
555 3963 668 4039 duxit,
691 3970 727 4027 et
751 3962 844 4044 apud
870 3971 1026 4027 sanctam
1050 3963 1253 4026 Columbam
1282 3963 1314 4026 ei
1336 3981 1402 4043 per

451 4079 561 4124 annos
581 4067 732 4142 quatuor
752 4059 990 4124 sufficientiam
1012 4061 1048 4124 in
1070 4061 1231 4145 expensis
1254 4060 1401 4124 invenit.

451 4159 521 4223 Per
533 4160 623 4222 idem
638 4167 785 4241 tempus,
797 4159 841 4222 ad
857 4160 1119 4224 subventionem
1135 4166 1238 4224 terrae
1255 4165 1402 4236 sanctae,

451 4258 493 4320 de
528 4277 737 4340 unaquaque
769 4267 933 4323 carucata
975 4265 1077 4322 terrae
1109 4258 1217 4323 totius
1247 4255 1402 4338 Angliae,
1432 4247 1446 4272 '
