<?xml version="1.0" encoding="UTF-8"?>
<!DOCTYPE html PUBLIC "-//W3C//DTD XHTML 1.0 Transitional//EN"
    "http://www.w3.org/TR/xhtml1/DTD/xhtml1-transitional.dtd">
<html xmlns="http://www.w3.org/1999/xhtml" xml:lang="en" lang="en">
 <head>
  <title>
</title>
<meta http-equiv="Content-Type" content="text/html;charset=utf-8" />
  <meta name='ocr-system' content='tesseract 3.04.00' />
  <meta name='ocr-capabilities' content='ocr_page ocr_carea ocr_par ocr_line ocrx_word'/>
</head>
<body>
  <div class='ocr_page' id='page_1' title='image "./rogeridewendove07rogegoog_0252.png"; bbox 0 0 3138 5184; ppageno 0'>
   <div class='ocr_carea' id='block_1_1' title="bbox 17 1049 19 1148">
    <p class='ocr_par' dir='ltr' id='par_1_1' title="bbox 17 1049 19 1148">
     <span class='ocr_line' id='line_1_1' title="bbox 17 1049 19 1148; baseline 0 0"><span class='ocrx_word' id='word_1_1' title='bbox 17 1049 19 1148; x_wconf 81' lang='lat' dir='ltr'><strong>l</strong></span> 
     </span>
    </p>
   </div>
   <div class='ocr_carea' id='block_1_2' title="bbox 404 539 1093 603">
    <p class='ocr_par' dir='ltr' id='par_1_2' title="bbox 404 539 1093 603">
     <span class='ocr_line' id='line_1_2' title="bbox 404 539 1093 603; baseline 0.016 -11"><span class='ocrx_word' id='word_1_2' title='bbox 404 547 542 595; x_wconf 80' lang='lat' dir='ltr'><strong>rnonns</strong></span> <span class='ocrx_word' id='word_1_3' title='bbox 565 549 833 598; x_wconf 77' lang='lat' dir='ltr'><strong>nrsronrrrrou.</strong></span> <span class='ocrx_word' id='word_1_4' title='bbox 1026 539 1093 603; x_wconf 78' lang='lat'><strong>245</strong></span> 
     </span>
    </p>
   </div>
   <div class='ocr_carea' id='block_1_3' title="bbox 109 700 1224 982">
    <p class='ocr_par' dir='ltr' id='par_1_3' title="bbox 109 700 1224 982">
     <span class='ocr_line' id='line_1_3' title="bbox 140 700 1224 787; baseline 0.008 -26"><span class='ocrx_word' id='word_1_5' title='bbox 140 700 376 766; x_wconf 86' lang='lat' dir='ltr'><strong>haereditatem</strong></span> <span class='ocrx_word' id='word_1_6' title='bbox 402 722 500 766; x_wconf 90' lang='lat' dir='ltr'><strong>suam</strong></span> <span class='ocrx_word' id='word_1_7' title='bbox 523 725 567 767; x_wconf 86' lang='lat' dir='ltr'><strong>ex</strong></span> <span class='ocrx_word' id='word_1_8' title='bbox 590 713 690 787; x_wconf 87' lang='lat' dir='ltr'><strong>parte</strong></span> <span class='ocrx_word' id='word_1_9' title='bbox 710 705 831 770; x_wconf 90' lang='lat' dir='ltr'><strong>matris</strong></span> <span class='ocrx_word' id='word_1_10' title='bbox 857 725 942 783; x_wconf 82' lang='lat' dir='ltr'><strong>suae,</strong></span> <span class='ocrx_word' id='word_1_11' title='bbox 967 716 1156 774; x_wconf 64' lang='lat' dir='ltr'><strong>contraho.</strong></span> <span class='ocrx_word' id='word_1_12' title='bbox 1169 732 1224 770; x_wconf 78' lang='lat' dir='ltr'><strong>rra.</strong></span> 
     </span>
     <span class='ocr_line' id='line_1_4' title="bbox 139 799 1089 884; baseline 0.013 -24"><span class='ocrx_word' id='word_1_13' title='bbox 139 799 403 879; x_wconf 90' lang='lat' dir='ltr'><strong>prohibitionem</strong></span> <span class='ocrx_word' id='word_1_14' title='bbox 428 803 521 884; x_wconf 88' lang='lat' dir='ltr'><strong>regis</strong></span> <span class='ocrx_word' id='word_1_15' title='bbox 545 803 769 881; x_wconf 82' lang='lat' dir='ltr'><strong>Francorum,</strong></span> <span class='ocrx_word' id='word_1_16' title='bbox 801 805 891 868; x_wconf 91' lang='lat' dir='ltr'><strong>unde</strong></span> <span class='ocrx_word' id='word_1_17' title='bbox 915 806 1089 872; x_wconf 79' lang='lat' dir='ltr'><strong>discordia</strong></span> 
     </span>
     <span class='ocr_line' id='line_1_5' title="bbox 109 891 891 982; baseline 0.013 -24"><span class='ocrx_word' id='word_1_18' title='bbox 109 891 127 926; x_wconf 75' lang='lat'><strong><em>‘</em></strong></span> <span class='ocrx_word' id='word_1_19' title='bbox 138 898 224 962; x_wconf 89' lang='lat' dir='ltr'><strong>inter</strong></span> <span class='ocrx_word' id='word_1_20' title='bbox 236 901 350 981; x_wconf 92' lang='lat' dir='ltr'><strong>ipsum</strong></span> <span class='ocrx_word' id='word_1_21' title='bbox 370 920 486 982; x_wconf 86' lang='lat' dir='ltr'><strong>regem</strong></span> <span class='ocrx_word' id='word_1_22' title='bbox 502 909 538 965; x_wconf 90' lang='lat' dir='ltr'><strong>et</strong></span> <span class='ocrx_word' id='word_1_23' title='bbox 554 903 713 966; x_wconf 88' lang='lat' dir='ltr'><strong>comitem</strong></span> <span class='ocrx_word' id='word_1_24' title='bbox 731 911 810 967; x_wconf 91' lang='lat' dir='ltr'><strong>orta</strong></span> <span class='ocrx_word' id='word_1_25' title='bbox 825 910 891 971; x_wconf 87' lang='lat' dir='ltr'><strong>est.</strong></span> 
     </span>
    </p>
   </div>
   <div class='ocr_carea' id='block_1_4' title="bbox 162 1071 1059 1160">
    <p class='ocr_par' dir='ltr' id='par_1_4' title="bbox 162 1071 1059 1160">
     <span class='ocr_line' id='line_1_6' title="bbox 162 1071 1059 1160; baseline 0.008 -27"><span class='ocrx_word' id='word_1_26' title='bbox 162 1071 251 1150; x_wconf 73' lang='lat' dir='ltr'><strong>Quod</strong></span> <span class='ocrx_word' id='word_1_27' title='bbox 263 1093 318 1136; x_wconf 79' lang='lat' dir='ltr'><strong>roc</strong></span> <span class='ocrx_word' id='word_1_28' title='bbox 332 1073 514 1138; x_wconf 82' lang='lat' dir='ltr'><strong>Lodowicus</strong></span> <span class='ocrx_word' id='word_1_29' title='bbox 532 1074 611 1160; x_wconf 75' lang='lat' dir='ltr'><strong>capit</strong></span> <span class='ocrx_word' id='word_1_30' title='bbox 623 1074 798 1160; x_wconf 74' lang='lat' dir='ltr'><strong>ionmpinm</strong></span> <span class='ocrx_word' id='word_1_31' title='bbox 813 1074 901 1140; x_wconf 75' lang='lat' dir='ltr'><strong>ducit</strong></span> <span class='ocrx_word' id='word_1_32' title='bbox 916 1076 1059 1141; x_wconf 76' lang='lat' dir='ltr'><strong>Hearici.</strong></span> 
     </span>
    </p>
   </div>
   <div class='ocr_carea' id='block_1_5' title="bbox 124 1193 1223 3356">
    <p class='ocr_par' dir='ltr' id='par_1_5' title="bbox 124 1193 1223 3356">
     <span class='ocr_line' id='line_1_7' title="bbox 181 1193 1218 1266; baseline 0.007 -7"><span class='ocrx_word' id='word_1_33' title='bbox 181 1193 290 1259; x_wconf 84' lang='lat' dir='ltr'><strong>Anno</strong></span> <span class='ocrx_word' id='word_1_34' title='bbox 305 1196 448 1259; x_wconf 88' lang='lat' dir='ltr'><strong>Domini</strong></span> <span class='ocrx_word' id='word_1_35' title='bbox 465 1213 549 1261; x_wconf 80' lang='lat' dir='ltr'><strong>uon.</strong></span> <span class='ocrx_word' id='word_1_36' title='bbox 566 1217 629 1261; x_wconf 89' lang='lat' dir='ltr'><strong>rex</strong></span> <span class='ocrx_word' id='word_1_37' title='bbox 648 1198 860 1262; x_wconf 83' lang='lat' dir='ltr'><strong>Francorum</strong></span> <span class='ocrx_word' id='word_1_38' title='bbox 877 1198 1218 1266; x_wconf 76' lang='lat' dir='ltr'><strong>Lodowicusr.n.1no.</strong></span> 
     </span>
     <span class='ocr_line' id='line_1_8' title="bbox 137 1272 1223 1379; baseline 0.008 -23"><span class='ocrx_word' id='word_1_39' title='bbox 137 1300 168 1357; x_wconf 89' lang='lat' dir='ltr'><strong>et</strong></span> <span class='ocrx_word' id='word_1_40' title='bbox 189 1288 420 1358; x_wconf 88' lang='lat' dir='ltr'><strong>¹Eustachius</strong></span> <span class='ocrx_word' id='word_1_41' title='bbox 440 1295 531 1358; x_wconf 87' lang='lat' dir='ltr'><strong>filius</strong></span> <span class='ocrx_word' id='word_1_42' title='bbox 556 1296 648 1378; x_wconf 85' lang='lat' dir='ltr'><strong>regis</strong></span> <span class='ocrx_word' id='word_1_43' title='bbox 668 1296 836 1379; x_wconf 82' lang='lat' dir='ltr'><strong>Stephani</strong></span> <span class='ocrx_word' id='word_1_44' title='bbox 858 1317 936 1362; x_wconf 89' lang='lat' dir='ltr'><strong>cum</strong></span> <span class='ocrx_word' id='word_1_45' title='bbox 958 1299 1083 1364; x_wconf 90' lang='lat' dir='ltr'><strong>militia</strong></span> <span class='ocrx_word' id='word_1_46' title='bbox 1094 1272 1223 1375; x_wconf 54' lang='lat' dir='ltr'><strong>diffiniit</strong></span> 
     </span>
     <span class='ocr_line' id='line_1_9' title="bbox 137 1393 1081 1474; baseline 0.007 -20"><span class='ocrx_word' id='word_1_47' title='bbox 137 1393 276 1474; x_wconf 88' lang='lat' dir='ltr'><strong>copiosa</strong></span> <span class='ocrx_word' id='word_1_48' title='bbox 290 1402 460 1458; x_wconf 89' lang='lat' dir='ltr'><strong>venerunt</strong></span> <span class='ocrx_word' id='word_1_49' title='bbox 489 1402 570 1458; x_wconf 88' lang='lat' dir='ltr'><strong>ante</strong></span> <span class='ocrx_word' id='word_1_50' title='bbox 590 1402 720 1459; x_wconf 90' lang='lat' dir='ltr'><strong>turrem</strong></span> <span class='ocrx_word' id='word_1_51' title='bbox 741 1396 784 1458; x_wconf 92' lang='lat' dir='ltr'><strong>de</strong></span> <span class='ocrx_word' id='word_1_52' title='bbox 800 1396 927 1460; x_wconf 88' lang='lat' dir='ltr'><strong>Archis</strong></span> <span class='ocrx_word' id='word_1_53' title='bbox 947 1398 992 1461; x_wconf 91' lang='lat' dir='ltr'><strong>ob</strong></span> <span class='ocrx_word' id='word_1_54' title='bbox 1011 1397 1081 1461; x_wconf 92' lang='lat' dir='ltr'><strong>dis-</strong></span> 
     </span>
     <span class='ocr_line' id='line_1_10' title="bbox 136 1491 1081 1570; baseline 0.008 -17"><span class='ocrx_word' id='word_1_55' title='bbox 136 1491 285 1555; x_wconf 88' lang='lat' dir='ltr'><strong>cordiam</strong></span> <span class='ocrx_word' id='word_1_56' title='bbox 302 1500 540 1570; x_wconf 86' lang='lat' dir='ltr'><strong>memoratam,</strong></span> <span class='ocrx_word' id='word_1_57' title='bbox 554 1495 614 1557; x_wconf 91' lang='lat' dir='ltr'><strong>ubi</strong></span> <span class='ocrx_word' id='word_1_58' title='bbox 631 1495 734 1558; x_wconf 90' lang='lat' dir='ltr'><strong>etiam</strong></span> <span class='ocrx_word' id='word_1_59' title='bbox 757 1494 868 1560; x_wconf 86' lang='lat' dir='ltr'><strong>adfuit</strong></span> <span class='ocrx_word' id='word_1_60' title='bbox 890 1496 963 1559; x_wconf 84' lang='lat' dir='ltr'><strong>dux</strong></span> <span class='ocrx_word' id='word_1_61' title='bbox 987 1495 1081 1560; x_wconf 91' lang='lat' dir='ltr'><strong>Nor·</strong></span> 
     </span>
     <span class='ocr_line' id='line_1_11' title="bbox 135 1590 1080 1676; baseline 0.011 -26"><span class='ocrx_word' id='word_1_62' title='bbox 135 1590 1080 1676; x_wconf 86' lang='lat' dir='ltr'><strong>manniaeHenricusetpatcrejuscomesAndegavcnsis</strong></span> 
     </span>
     <span class='ocr_line' id='line_1_12' title="bbox 135 1689 1084 1774; baseline 0.006 -23"><span class='ocrx_word' id='word_1_63' title='bbox 135 1689 322 1752; x_wconf 86' lang='lat' dir='ltr'><strong>Ganfridus</strong></span> <span class='ocrx_word' id='word_1_64' title='bbox 339 1710 417 1753; x_wconf 89' lang='lat' dir='ltr'><strong>cum</strong></span> <span class='ocrx_word' id='word_1_65' title='bbox 439 1691 571 1772; x_wconf 85' lang='lat' dir='ltr'><strong>ingenti</strong></span> <span class='ocrx_word' id='word_1_66' title='bbox 593 1693 749 1756; x_wconf 88' lang='lat' dir='ltr'><strong>exercitu</strong></span> <span class='ocrx_word' id='word_1_67' title='bbox 763 1691 1084 1774; x_wconf 86' lang='lat' dir='ltr'><strong>Andegavensium,</strong></span> 
     </span>
     <span class='ocr_line' id='line_1_13' title="bbox 134 1788 1079 1870; baseline 0.006 -20"><span class='ocrx_word' id='word_1_68' title='bbox 134 1789 314 1852; x_wconf 90' lang='lat' dir='ltr'><strong>Britonum</strong></span> <span class='ocrx_word' id='word_1_69' title='bbox 337 1796 372 1853; x_wconf 90' lang='lat' dir='ltr'><strong>et</strong></span> <span class='ocrx_word' id='word_1_70' title='bbox 395 1788 708 1870; x_wconf 69' lang='lat' dir='ltr'><strong>Normannorum3&#39;</strong></span> <span class='ocrx_word' id='word_1_71' title='bbox 729 1791 789 1854; x_wconf 90' lang='lat' dir='ltr'><strong>sed</strong></span> <span class='ocrx_word' id='word_1_72' title='bbox 817 1791 970 1857; x_wconf 87' lang='lat' dir='ltr'><strong>videntes</strong></span> <span class='ocrx_word' id='word_1_73' title='bbox 992 1793 1079 1856; x_wconf 85' lang='lat' dir='ltr'><strong>utri-</strong></span> 
     </span>
     <span class='ocr_line' id='line_1_14' title="bbox 132 1889 1078 1972; baseline 0.005 -23"><span class='ocrx_word' id='word_1_74' title='bbox 132 1907 237 1969; x_wconf 87' lang='lat' dir='ltr'><strong>usque</strong></span> <span class='ocrx_word' id='word_1_75' title='bbox 264 1889 374 1969; x_wconf 89' lang='lat' dir='ltr'><strong>partis</strong></span> <span class='ocrx_word' id='word_1_76' title='bbox 402 1889 584 1972; x_wconf 88' lang='lat' dir='ltr'><strong>principes,</strong></span> <span class='ocrx_word' id='word_1_77' title='bbox 611 1889 703 1971; x_wconf 90' lang='lat' dir='ltr'><strong>quod</strong></span> <span class='ocrx_word' id='word_1_78' title='bbox 729 1890 883 1970; x_wconf 84' lang='lat' dir='ltr'><strong>legiones</strong></span> <span class='ocrx_word' id='word_1_79' title='bbox 908 1891 993 1953; x_wconf 91' lang='lat' dir='ltr'><strong>illuc</strong></span> <span class='ocrx_word' id='word_1_80' title='bbox 1017 1911 1078 1955; x_wconf 89' lang='lat' dir='ltr'><strong>ne-</strong></span> 
     </span>
     <span class='ocr_line' id='line_1_15' title="bbox 131 1986 1079 2070; baseline 0.006 -22"><span class='ocrx_word' id='word_1_81' title='bbox 131 1988 274 2068; x_wconf 83' lang='lat' dir='ltr'><strong>quibant</strong></span> <span class='ocrx_word' id='word_1_82' title='bbox 293 1986 367 2050; x_wconf 88' lang='lat' dir='ltr'><strong>sine</strong></span> <span class='ocrx_word' id='word_1_83' title='bbox 386 2007 514 2069; x_wconf 87' lang='lat' dir='ltr'><strong>magna</strong></span> <span class='ocrx_word' id='word_1_84' title='bbox 532 1989 712 2070; x_wconf 80' lang='lat' dir='ltr'><strong>sanguinis</strong></span> <span class='ocrx_word' id='word_1_85' title='bbox 727 1988 891 2053; x_wconf 85' lang='lat' dir='ltr'><strong>effusione</strong></span> <span class='ocrx_word' id='word_1_86' title='bbox 906 1988 1079 2054; x_wconf 87' lang='lat' dir='ltr'><strong>hostiliter</strong></span> 
     </span>
     <span class='ocr_line' id='line_1_16' title="bbox 131 2085 1075 2168; baseline 0.005 -21"><span class='ocrx_word' id='word_1_87' title='bbox 131 2085 324 2162; x_wconf 80' lang='lat' dir='ltr'><strong>convenire,</strong></span> <span class='ocrx_word' id='word_1_88' title='bbox 347 2094 528 2168; x_wconf 88' lang='lat' dir='ltr'><strong>coeperunt</strong></span> <span class='ocrx_word' id='word_1_89' title='bbox 549 2087 593 2150; x_wconf 86' lang='lat' dir='ltr'><strong>de</strong></span> <span class='ocrx_word' id='word_1_90' title='bbox 614 2105 700 2168; x_wconf 83' lang='lat' dir='ltr'><strong>pace</strong></span> <span class='ocrx_word' id='word_1_91' title='bbox 723 2094 885 2165; x_wconf 86' lang='lat' dir='ltr'><strong>tractare,</strong></span> <span class='ocrx_word' id='word_1_92' title='bbox 906 2096 953 2166; x_wconf 85' lang='lat' dir='ltr'><strong>et,</strong></span> <span class='ocrx_word' id='word_1_93' title='bbox 967 2089 1075 2152; x_wconf 89' lang='lat' dir='ltr'><strong>inter·</strong></span> 
     </span>
     <span class='ocr_line' id='line_1_17' title="bbox 129 2184 1075 2267; baseline 0.005 -20"><span class='ocrx_word' id='word_1_94' title='bbox 129 2184 343 2248; x_wconf 85' lang='lat' dir='ltr'><strong>venientibus</strong></span> <span class='ocrx_word' id='word_1_95' title='bbox 375 2192 598 2267; x_wconf 89' lang='lat' dir='ltr'><strong>utrorumque</strong></span> <span class='ocrx_word' id='word_1_96' title='bbox 623 2187 758 2263; x_wconf 85' lang='lat' dir='ltr'><strong>amicis,</strong></span> <span class='ocrx_word' id='word_1_97' title='bbox 777 2206 840 2250; x_wconf 87' lang='lat' dir='ltr'><strong>rex</strong></span> <span class='ocrx_word' id='word_1_98' title='bbox 863 2187 1075 2252; x_wconf 86' lang='lat' dir='ltr'><strong>Francorum</strong></span> 
     </span>
     <span class='ocr_line' id='line_1_18' title="bbox 130 2282 1076 2365; baseline 0.005 -20"><span class='ocrx_word' id='word_1_99' title='bbox 130 2285 218 2365; x_wconf 90' lang='lat' dir='ltr'><strong>cepit</strong></span> <span class='ocrx_word' id='word_1_100' title='bbox 241 2283 440 2364; x_wconf 81' lang='lat' dir='ltr'><strong>homagium</strong></span> <span class='ocrx_word' id='word_1_101' title='bbox 459 2282 557 2347; x_wconf 85' lang='lat' dir='ltr'><strong>ducis</strong></span> <span class='ocrx_word' id='word_1_102' title='bbox 573 2283 719 2348; x_wconf 90' lang='lat' dir='ltr'><strong>Henrici</strong></span> <span class='ocrx_word' id='word_1_103' title='bbox 735 2285 778 2348; x_wconf 92' lang='lat' dir='ltr'><strong>de</strong></span> <span class='ocrx_word' id='word_1_104' title='bbox 794 2285 1023 2363; x_wconf 89' lang='lat' dir='ltr'><strong>Normannia,</strong></span> <span class='ocrx_word' id='word_1_105' title='bbox 1040 2295 1076 2350; x_wconf 89' lang='lat' dir='ltr'><strong>et</strong></span> 
     </span>
     <span class='ocr_line' id='line_1_19' title="bbox 129 2373 1074 2464; baseline 0.004 -20"><span class='ocrx_word' id='word_1_106' title='bbox 129 2384 176 2444; x_wconf 88' lang='lat' dir='ltr'><strong>sic</strong></span> <span class='ocrx_word' id='word_1_107' title='bbox 198 2381 343 2464; x_wconf 87' lang='lat' dir='ltr'><strong>pacifice</strong></span> <span class='ocrx_word' id='word_1_108' title='bbox 366 2390 593 2447; x_wconf 88' lang='lat' dir='ltr'><strong>recesserunt.</strong></span> <span class='ocrx_word' id='word_1_109' title='bbox 649 2384 734 2447; x_wconf 85' lang='lat' dir='ltr'><strong>Dux</strong></span> <span class='ocrx_word' id='word_1_110' title='bbox 756 2383 865 2464; x_wconf 83' lang='lat' dir='ltr'><strong>igitur</strong></span> <span class='ocrx_word' id='word_1_111' title='bbox 887 2373 1074 2462; x_wconf 89' lang='lat' dir='ltr'><strong>Henricus,</strong></span> 
     </span>
     <span class='ocr_line' id='line_1_20' title="bbox 129 2480 1076 2564; baseline 0.004 -22"><span class='ocrx_word' id='word_1_112' title='bbox 129 2480 206 2543; x_wconf 92' lang='lat' dir='ltr'><strong>dum</strong></span> <span class='ocrx_word' id='word_1_113' title='bbox 234 2488 404 2545; x_wconf 87' lang='lat' dir='ltr'><strong>tractaret</strong></span> <span class='ocrx_word' id='word_1_114' title='bbox 432 2501 509 2546; x_wconf 90' lang='lat' dir='ltr'><strong>cum</strong></span> <span class='ocrx_word' id='word_1_115' title='bbox 533 2483 758 2564; x_wconf 80' lang='lat' dir='ltr'><strong>optimatibus</strong></span> <span class='ocrx_word' id='word_1_116' title='bbox 785 2484 868 2546; x_wconf 86' lang='lat' dir='ltr'><strong>suis</strong></span> <span class='ocrx_word' id='word_1_117' title='bbox 884 2485 926 2546; x_wconf 90' lang='lat' dir='ltr'><strong>de</strong></span> <span class='ocrx_word' id='word_1_118' title='bbox 951 2485 1076 2548; x_wconf 87' lang='lat' dir='ltr'><strong>itinere</strong></span> 
     </span>
     <span class='ocr_line' id='line_1_21' title="bbox 128 2579 1075 2665; baseline 0.005 -24"><span class='ocrx_word' id='word_1_119' title='bbox 128 2599 188 2644; x_wconf 90' lang='lat' dir='ltr'><strong>suo</strong></span> <span class='ocrx_word' id='word_1_120' title='bbox 214 2581 253 2642; x_wconf 93' lang='lat' dir='ltr'><strong>in</strong></span> <span class='ocrx_word' id='word_1_121' title='bbox 279 2579 579 2663; x_wconf 70' lang='lat' dir='ltr'><strong>Angliam,&#39;pater</strong></span> <span class='ocrx_word' id='word_1_122' title='bbox 601 2582 677 2665; x_wconf 87' lang='lat' dir='ltr'><strong>ejus</strong></span> <span class='ocrx_word' id='word_1_123' title='bbox 699 2581 792 2663; x_wconf 89' lang='lat' dir='ltr'><strong>apud</strong></span> <span class='ocrx_word' id='word_1_124' title='bbox 816 2589 967 2646; x_wconf 88' lang='lat' dir='ltr'><strong>castrum</strong></span> <span class='ocrx_word' id='word_1_125' title='bbox 994 2583 1075 2646; x_wconf 88' lang='lat' dir='ltr'><strong>Leri</strong></span> 
     </span>
     <span class='ocr_line' id='line_1_22' title="bbox 129 2679 1073 2763; baseline 0 -19"><span class='ocrx_word' id='word_1_126' title='bbox 129 2680 282 2758; x_wconf 84' lang='lat' dir='ltr'><strong>graviter</strong></span> <span class='ocrx_word' id='word_1_127' title='bbox 305 2679 500 2743; x_wconf 85' lang='lat' dir='ltr'><strong>infirmatus</strong></span> <span class='ocrx_word' id='word_1_128' title='bbox 525 2681 672 2762; x_wconf 90' lang='lat' dir='ltr'><strong>septimo</strong></span> <span class='ocrx_word' id='word_1_129' title='bbox 693 2680 772 2744; x_wconf 90' lang='lat' dir='ltr'><strong>idus</strong></span> <span class='ocrx_word' id='word_1_130' title='bbox 794 2679 1006 2763; x_wconf 85' lang='lat' dir='ltr'><strong>Septembris</strong></span> <span class='ocrx_word' id='word_1_131' title='bbox 1029 2683 1073 2744; x_wconf 89' lang='lat' dir='ltr'><strong>ah</strong></span> 
     </span>
     <span class='ocr_line' id='line_1_23' title="bbox 129 2778 1073 2864; baseline 0.005 -25"><span class='ocrx_word' id='word_1_132' title='bbox 129 2778 191 2841; x_wconf 88' lang='lat' dir='ltr'><strong>hac</strong></span> <span class='ocrx_word' id='word_1_133' title='bbox 216 2779 292 2852; x_wconf 76' lang='lat' dir='ltr'><strong>yita</strong></span> <span class='ocrx_word' id='word_1_134' title='bbox 320 2778 495 2860; x_wconf 88' lang='lat' dir='ltr'><strong>migravit,</strong></span> <span class='ocrx_word' id='word_1_135' title='bbox 528 2786 563 2842; x_wconf 91' lang='lat' dir='ltr'><strong>et</strong></span> <span class='ocrx_word' id='word_1_136' title='bbox 592 2779 642 2842; x_wconf 90' lang='lat' dir='ltr'><strong>sic</strong></span> <span class='ocrx_word' id='word_1_137' title='bbox 670 2778 846 2843; x_wconf 82' lang='lat' dir='ltr'><strong>Henricus&#39;</strong></span> <span class='ocrx_word' id='word_1_138' title='bbox 874 2781 966 2844; x_wconf 89' lang='lat' dir='ltr'><strong>filius</strong></span> <span class='ocrx_word' id='word_1_139' title='bbox 998 2781 1073 2864; x_wconf 87' lang='lat' dir='ltr'><strong>ejus</strong></span> 
     </span>
     <span class='ocr_line' id='line_1_24' title="bbox 127 2877 1072 2960; baseline 0.001 -21"><span class='ocrx_word' id='word_1_140' title='bbox 127 2877 237 2940; x_wconf 86' lang='lat' dir='ltr'><strong>factus</strong></span> <span class='ocrx_word' id='word_1_141' title='bbox 267 2884 321 2940; x_wconf 87' lang='lat' dir='ltr'><strong>est</strong></span> <span class='ocrx_word' id='word_1_142' title='bbox 351 2897 464 2941; x_wconf 88' lang='lat' dir='ltr'><strong>comes</strong></span> <span class='ocrx_word' id='word_1_143' title='bbox 489 2877 795 2960; x_wconf 77' lang='lat' dir='ltr'><strong>Andegarensium</strong></span> <span class='ocrx_word' id='word_1_144' title='bbox 823 2884 858 2941; x_wconf 93' lang='lat' dir='ltr'><strong>et</strong></span> <span class='ocrx_word' id='word_1_145' title='bbox 881 2879 954 2942; x_wconf 87' lang='lat' dir='ltr'><strong>dux</strong></span> <span class='ocrx_word' id='word_1_146' title='bbox 979 2879 1072 2942; x_wconf 93' lang='lat' dir='ltr'><strong>Nor-</strong></span> 
     </span>
     <span class='ocr_line' id='line_1_25' title="bbox 127 2976 1071 3054; baseline 0.002 -16"><span class='ocrx_word' id='word_1_147' title='bbox 127 2995 342 3040; x_wconf 89' lang='lat' dir='ltr'><strong>mannorum.</strong></span> <span class='ocrx_word' id='word_1_148' title='bbox 394 2976 524 3040; x_wconf 90' lang='lat' dir='ltr'><strong>Eodem</strong></span> <span class='ocrx_word' id='word_1_149' title='bbox 550 2996 641 3040; x_wconf 90' lang='lat' dir='ltr'><strong>anno</strong></span> <span class='ocrx_word' id='word_1_150' title='bbox 665 2976 850 3054; x_wconf 75' lang='lat' dir='ltr'><strong>Radulqu,</strong></span> <span class='ocrx_word' id='word_1_151' title='bbox 881 2978 988 3040; x_wconf 87' lang='lat' dir='ltr'><strong>abbas</strong></span> <span class='ocrx_word' id='word_1_152' title='bbox 1003 2979 1071 3040; x_wconf 74' lang='lat' dir='ltr'><strong>&#39;ec-</strong></span> 
     </span>
     <span class='ocr_line' id='line_1_26' title="bbox 126 3074 1072 3158; baseline 0.002 -21"><span class='ocrx_word' id='word_1_153' title='bbox 126 3074 237 3138; x_wconf 85' lang='lat' dir='ltr'><strong>clesiae</strong></span> <span class='ocrx_word' id='word_1_154' title='bbox 277 3075 390 3138; x_wconf 86' lang='lat' dir='ltr'><strong>sancti</strong></span> <span class='ocrx_word' id='word_1_155' title='bbox 421 3075 562 3153; x_wconf 85' lang='lat' dir='ltr'><strong>Albani,</strong></span> <span class='ocrx_word' id='word_1_156' title='bbox 599 3075 759 3138; x_wconf 89' lang='lat' dir='ltr'><strong>decidens</strong></span> <span class='ocrx_word' id='word_1_157' title='bbox 796 3076 834 3139; x_wconf 91' lang='lat' dir='ltr'><strong>in</strong></span> <span class='ocrx_word' id='word_1_158' title='bbox 869 3076 1072 3158; x_wconf 83' lang='lat' dir='ltr'><strong>languorem</strong></span> 
     </span>
     <span class='ocr_line' id='line_1_27' title="bbox 127 3167 1071 3257; baseline 0 -19"><span class='ocrx_word' id='word_1_159' title='bbox 127 3167 336 3238; x_wconf 84' lang='lat' dir='ltr'><strong>Robertum²</strong></span> <span class='ocrx_word' id='word_1_160' title='bbox 359 3173 402 3235; x_wconf 91' lang='lat' dir='ltr'><strong>de</strong></span> <span class='ocrx_word' id='word_1_161' title='bbox 423 3173 610 3251; x_wconf 88' lang='lat' dir='ltr'><strong>Goreham,</strong></span> <span class='ocrx_word' id='word_1_162' title='bbox 632 3175 781 3257; x_wconf 90' lang='lat' dir='ltr'><strong>priorem</strong></span> <span class='ocrx_word' id='word_1_163' title='bbox 807 3176 961 3240; x_wconf 76' lang='lat' dir='ltr'><strong>ecclesiae</strong></span> <span class='ocrx_word' id='word_1_164' title='bbox 985 3194 1071 3253; x_wconf 87' lang='lat' dir='ltr'><strong>suae,</strong></span> 
     </span>
     <span class='ocr_line' id='line_1_28' title="bbox 124 3272 1077 3356; baseline 0.003 -22"><span class='ocrx_word' id='word_1_165' title='bbox 124 3291 222 3335; x_wconf 87' lang='lat' dir='ltr'><strong>suum</strong></span> <span class='ocrx_word' id='word_1_166' title='bbox 237 3278 496 3355; x_wconf 89' lang='lat' dir='ltr'><strong>procuratorem</strong></span> <span class='ocrx_word' id='word_1_167' title='bbox 512 3272 693 3338; x_wconf 89' lang='lat' dir='ltr'><strong>constituit</strong></span> <span class='ocrx_word' id='word_1_168' title='bbox 715 3293 776 3356; x_wconf 90' lang='lat' dir='ltr'><strong>per</strong></span> <span class='ocrx_word' id='word_1_169' title='bbox 798 3275 979 3338; x_wconf 90' lang='lat' dir='ltr'><strong>consilium</strong></span> <span class='ocrx_word' id='word_1_170' title='bbox 990 3287 1077 3338; x_wconf 86' lang='lat' dir='ltr'><strong>con-¹</strong></span> 
     </span>
    </p>
   </div>
   <div class='ocr_carea' id='block_1_6' title="bbox 123 3371 795 3449">
    <p class='ocr_par' dir='ltr' id='par_1_6' title="bbox 123 3371 795 3449">
     <span class='ocr_line' id='line_1_29' title="bbox 123 3371 795 3449; baseline 0.001 -15"><span class='ocrx_word' id='word_1_171' title='bbox 123 3379 260 3449; x_wconf 87' lang='lat' dir='ltr'><strong>ventus,</strong></span> <span class='ocrx_word' id='word_1_172' title='bbox 277 3379 313 3435; x_wconf 88' lang='lat' dir='ltr'><strong>et</strong></span> <span class='ocrx_word' id='word_1_173' title='bbox 327 3371 434 3436; x_wconf 90' lang='lat' dir='ltr'><strong>totius</strong></span> <span class='ocrx_word' id='word_1_174' title='bbox 451 3372 598 3437; x_wconf 85' lang='lat' dir='ltr'><strong>abbatiae</strong></span> <span class='ocrx_word' id='word_1_175' title='bbox 615 3379 795 3436; x_wconf 90' lang='lat' dir='ltr'><strong>rectorem.</strong></span> 
     </span>
    </p>
   </div>
   <div class='ocr_carea' id='block_1_7' title="bbox 405 3545 791 3610">
    <p class='ocr_par' dir='ltr' id='par_1_7' title="bbox 405 3545 791 3610">
     <span class='ocr_line' id='line_1_30' title="bbox 405 3545 791 3610; baseline 0 -2"><span class='ocrx_word' id='word_1_176' title='bbox 405 3546 456 3610; x_wconf 82' lang='lat' dir='ltr'><strong>Dc</strong></span> <span class='ocrx_word' id='word_1_177' title='bbox 468 3545 618 3610; x_wconf 63' lang='lat' dir='ltr'><strong>hernicis</strong></span> <span class='ocrx_word' id='word_1_178' title='bbox 631 3545 791 3610; x_wconf 62' lang='lat' dir='ltr'><strong>Asinaia.</strong></span> 
     </span>
    </p>
   </div>
   <div class='ocr_carea' id='block_1_8' title="bbox 121 3667 1211 4049">
    <p class='ocr_par' dir='ltr' id='par_1_8' title="bbox 121 3667 1211 4049">
     <span class='ocr_line' id='line_1_31' title="bbox 172 3667 1211 3775; baseline -0.009 -42"><span class='ocrx_word' id='word_1_179' title='bbox 172 3668 303 3733; x_wconf 88' lang='lat' dir='ltr'><strong>Eodem</strong></span> <span class='ocrx_word' id='word_1_180' title='bbox 319 3688 411 3732; x_wconf 89' lang='lat' dir='ltr'><strong>anno</strong></span> <span class='ocrx_word' id='word_1_181' title='bbox 429 3669 658 3745; x_wconf 88' lang='lat' dir='ltr'><strong>Reimundus,</strong></span> <span class='ocrx_word' id='word_1_182' title='bbox 681 3687 796 3733; x_wconf 88' lang='lat' dir='ltr'><strong>comes</strong></span> <span class='ocrx_word' id='word_1_183' title='bbox 818 3667 1071 3749; x_wconf 83' lang='lat' dir='ltr'><strong>Tripolitanos,</strong></span> <span class='ocrx_word' id='word_1_184' title='bbox 1083 3684 1211 3775; x_wconf 38' lang='lat' dir='ltr'><strong>‘almas</strong></span> 
     </span>
     <span class='ocr_line' id='line_1_32' title="bbox 122 3765 1135 3851; baseline -0.009 -19"><span class='ocrx_word' id='word_1_185' title='bbox 122 3768 177 3832; x_wconf 89' lang='lat' dir='ltr'><strong>vir</strong></span> <span class='ocrx_word' id='word_1_186' title='bbox 206 3775 330 3851; x_wconf 91' lang='lat' dir='ltr'><strong>potens</strong></span> <span class='ocrx_word' id='word_1_187' title='bbox 352 3766 391 3831; x_wconf 71' lang='lat' dir='ltr'><strong>&#39;et</strong></span> <span class='ocrx_word' id='word_1_188' title='bbox 420 3769 455 3831; x_wconf 91' lang='lat' dir='ltr'><strong>in</strong></span> <span class='ocrx_word' id='word_1_189' title='bbox 485 3768 589 3832; x_wconf 87' lang='lat' dir='ltr'><strong>armis</strong></span> <span class='ocrx_word' id='word_1_190' title='bbox 622 3774 796 3845; x_wconf 86' lang='lat' dir='ltr'><strong>strenuus,</strong></span> <span class='ocrx_word' id='word_1_191' title='bbox 827 3768 873 3830; x_wconf 88' lang='lat' dir='ltr'><strong>ab</strong></span> <span class='ocrx_word' id='word_1_192' title='bbox 903 3765 1071 3829; x_wconf 85' lang='lat' dir='ltr'><strong>Assisinis</strong></span> <span class='ocrx_word' id='word_1_193' title='bbox 1084 3784 1135 3824; x_wconf 74' lang='lat' dir='ltr'><strong>cn..</strong></span> 
     </span>
     <span class='ocr_line' id='line_1_33' title="bbox 121 3867 1070 3948; baseline -0.001 -20"><span class='ocrx_word' id='word_1_194' title='bbox 121 3867 322 3930; x_wconf 87' lang='lat' dir='ltr'><strong>interfectus</strong></span> <span class='ocrx_word' id='word_1_195' title='bbox 362 3873 435 3945; x_wconf 88' lang='lat' dir='ltr'><strong>est;</strong></span> <span class='ocrx_word' id='word_1_196' title='bbox 487 3867 700 3948; x_wconf 86' lang='lat' dir='ltr'><strong>planxerunt</strong></span> <span class='ocrx_word' id='word_1_197' title='bbox 735 3872 852 3930; x_wconf 91' lang='lat' dir='ltr'><strong>autem</strong></span> <span class='ocrx_word' id='word_1_198' title='bbox 890 3885 969 3928; x_wconf 90' lang='lat' dir='ltr'><strong>eum</strong></span> <span class='ocrx_word' id='word_1_199' title='bbox 1007 3885 1070 3928; x_wconf 84' lang='lat' dir='ltr'><strong>rex</strong></span> 
     </span>
     <span class='ocr_line' id='line_1_34' title="bbox 123 3963 1071 4049; baseline -0.001 -23"><span class='ocrx_word' id='word_1_200' title='bbox 123 3963 346 4028; x_wconf 88' lang='lat' dir='ltr'><strong>Hierusalem</strong></span> <span class='ocrx_word' id='word_1_201' title='bbox 380 3965 603 4029; x_wconf 88' lang='lat' dir='ltr'><strong>Baldewinus</strong></span> <span class='ocrx_word' id='word_1_202' title='bbox 633 3973 668 4030; x_wconf 93' lang='lat' dir='ltr'><strong>et</strong></span> <span class='ocrx_word' id='word_1_203' title='bbox 696 3972 799 4029; x_wconf 85' lang='lat' dir='ltr'><strong>terrae</strong></span> <span class='ocrx_word' id='word_1_204' title='bbox 832 3963 1071 4049; x_wconf 86' lang='lat' dir='ltr'><strong>promissionis</strong></span> 
     </span>
    </p>
   </div>
   <div class='ocr_carea' id='block_1_9' title="bbox 121 4061 1070 4147">
    <p class='ocr_par' dir='ltr' id='par_1_9' title="bbox 121 4061 1070 4147">
     <span class='ocr_line' id='line_1_35' title="bbox 121 4061 1070 4147; baseline -0.001 -21"><span class='ocrx_word' id='word_1_205' title='bbox 121 4064 270 4145; x_wconf 89' lang='lat' dir='ltr'><strong>populus</strong></span> <span class='ocrx_word' id='word_1_206' title='bbox 299 4065 496 4141; x_wconf 65' lang='lat' dir='ltr'><strong>universus</strong></span> <span class='ocrx_word' id='word_1_207' title='bbox 524 4072 565 4128; x_wconf 90' lang='lat' dir='ltr'><strong>ut</strong></span> <span class='ocrx_word' id='word_1_208' title='bbox 592 4066 651 4147; x_wconf 92' lang='lat' dir='ltr'><strong>qui</strong></span> <span class='ocrx_word' id='word_1_209' title='bbox 681 4073 757 4128; x_wconf 88' lang='lat' dir='ltr'><strong>erat</strong></span> <span class='ocrx_word' id='word_1_210' title='bbox 779 4063 881 4129; x_wconf 87' lang='lat' dir='ltr'><strong>valde</strong></span> <span class='ocrx_word' id='word_1_211' title='bbox 907 4061 1070 4125; x_wconf 85' lang='lat' dir='ltr'><strong>formida·</strong></span> 
     </span>
    </p>
   </div>
   <div class='ocr_carea' id='block_1_10' title="bbox 119 4219 1072 4379">
    <p class='ocr_par' dir='ltr' id='par_1_10' title="bbox 119 4219 1072 4379">
     <span class='ocr_line' id='line_1_36' title="bbox 156 4219 1072 4310; baseline -0.002 -18"><span class='ocrx_word' id='word_1_212' title='bbox 156 4239 342 4310; x_wconf 73' lang='lat' dir='ltr'><strong>&#39;Euctucbim.]</strong></span> <span class='ocrx_word' id='word_1_213' title='bbox 355 4244 582 4310; x_wconf 78' lang='lat' dir='ltr'><strong>CompareOhron.</strong></span> <span class='ocrx_word' id='word_1_214' title='bbox 645 4243 797 4296; x_wconf 65' lang='lat' dir='ltr'><strong>&#39;Relatum</strong></span> <span class='ocrx_word' id='word_1_215' title='bbox 813 4245 842 4292; x_wconf 82' lang='lat' dir='ltr'><strong>de</strong></span> <span class='ocrx_word' id='word_1_216' title='bbox 856 4219 999 4308; x_wconf 51' lang='lat' dir='ltr'><strong>Gcrehumss]</strong></span> <span class='ocrx_word' id='word_1_217' title='bbox 1024 4241 1072 4291; x_wconf 81' lang='lat' dir='ltr'><strong>See</strong></span> 
     </span>
     <span class='ocr_line' id='line_1_37' title="bbox 119 4316 886 4379; baseline -0.007 -15"><span class='ocrx_word' id='word_1_218' title='bbox 119 4316 240 4364; x_wconf 84' lang='lat' dir='ltr'><strong>Norman.</strong></span> <span class='ocrx_word' id='word_1_219' title='bbox 253 4330 279 4376; x_wconf 90' lang='lat' dir='ltr'><strong>p.</strong></span> <span class='ocrx_word' id='word_1_220' title='bbox 292 4318 350 4364; x_wconf 72' lang='grc'><strong>984.</strong></span> <span class='ocrx_word' id='word_1_221' title='bbox 612 4317 703 4379; x_wconf 86' lang='lat' dir='ltr'><strong>below,</strong></span> <span class='ocrx_word' id='word_1_222' title='bbox 714 4332 740 4377; x_wconf 89' lang='lat' dir='ltr'><strong>p.</strong></span> <span class='ocrx_word' id='word_1_223' title='bbox 752 4319 811 4377; x_wconf 76' lang='lat'><strong>249,</strong></span> <span class='ocrx_word' id='word_1_224' title='bbox 821 4316 886 4362; x_wconf 83' lang='lat' dir='ltr'><strong>acte.</strong></span> 
     </span>
    </p>
   </div>
   <div class='ocr_carea' id='block_1_11' title="bbox 0 0 1574 5184">
    <p class='ocr_par' dir='ltr' id='par_1_11' title="bbox 0 0 1574 5184">
     <span class='ocr_line' id='line_1_38' title="bbox 0 0 1574 5184; baseline 0 8"><span class='ocrx_word' id='word_1_225' title='bbox 0 0 1574 5184; x_wconf 95' lang='lat' dir='ltr'><strong> </strong></span> 
     </span>
    </p>
   </div>
  </div>
 </body>
</html>
