3104 5186
454 551 499 616 76
709 569 845 626 uocum
869 570 917 616 uu
940 569 1147 618 wuuuovuu

293 737 429 837 ἑκοῦσί.»
454 722 547 788 uude
571 724 758 807 imperator
782 724 981 809 compulsus
1006 727 1247 792 commercium
1269 729 1408 793 restitui

293 838 443 878 tracturae..
455 824 582 889 iterato
600 825 777 907 praecepit.

556 992 606 1058 De
630 994 759 1058 motione
784 993 966 1058 Boamundi
985 994 1148 1082 principio
1176 995 1212 1062 iu
1236 1019 1317 1084 opus

877 1114 989 1159 crocu.

294 1238 418 1277 salemone
506 1208 669 1294 Interea,¹
682 1215 763 1280 dum
781 1215 856 1280 haec
876 1217 968 1298 apud
986 1215 1322 1302 Constantinopolim
1345 1239 1404 1300 ge-

292 1288 424 1378 idieiiffl'
451 1325 590 1394 ruutur,
613 1316 772 1382 dominus
798 1316 1035 1393 Boamuudus,
1054 1317 1200 1381 Roberti
1218 1317 1404 1382 Guiscardi

451 1416 559 1494 filius,
598 1416 759 1498 princeps
788 1414 1011 1492 Tarentinus,
1041 1417 1100 1498 qui
1136 1424 1218 1481 ante
1257 1417 1404 1482 hiemem

456 1535 535 1578 cum
566 1533 630 1578 suo
671 1512 1072 1590 exercituAdriaticum
1106 1534 1201 1579 mare
1228 1517 1403 1581 transiens

455 1612 687 1697 Dyrrachium
712 1632 822 1695 usque
844 1622 1060 1696 pervenerat,
1083 1615 1300 1696 perdeserta
1320 1616 1405 1679 Bul-

456 1713 563 1794 gariae
588 1712 632 1775 ad
649 1730 743 1789 suos,
758 1712 817 1794 qui
837 1730 916 1775 euru
931 1715 1176 1794 sequebantur,
1192 1714 1404 1798 pedetentim

455 1799 664 1894 appropians
688 1810 885 1879 accedebat.
936 1797 1168 1877 hulaesemnt
1193 1832 1343 1896 namque
1371 1816 1403 1878 ei

454 1911 520 1974 viri
536 1910 676 1993 quidam
690 1910 822 1974 nobiles
835 1917 1006 1991 potentes,
1021 1923 1168 1992 quorum
1183 1912 1287 1976 hic'in
1303 1920 1404 1995 parte

453 2011 594 2074 uomina
620 2011 872 2092 subponamus3
896 2003 1115 2074 ²Tancredus
1130 2009 1299 2076 Willelmi
1313 2032 1404 2076 mar-

449 2109 587 2182 chionis
613 2110 715 2186 filius,
739 2108 937 2173 Richardus
965 2107 1008 2172 de
1034 2108 1238 2192 Principatu
1261 2118 1298 2174 ct
1315 2111 1401 2176 Rai-

454 2209 570 2274 nulfus
594 2209 701 2272 frater
725 2208 813 2291 ejuS,
829 2207 1005 2272 Robertus
1029 2206 1204 2286 dednxa,
1227 2208 1403 2274 Herman-

449 2328 519 2382 ‚uus
536 2309 579 2371 de
593 2307 710 2384 Corvi,
725 2306 902 2372 Robertus
919 2307 961 2370 de
978 2307 1090 2371 Surda
1106 2307 1208 2383 valle,
1225 2308 1402 2374 Robertus

454 2406 620 2471 Turstaui
653 2406 757 2483 filius,
784 2405 992 2470 Humsridus
1025 2406 1117 2470 filius
1148 2407 1303 2486 Radulfi,
1337 2409 1402 2473 Ri-

450 2504 602 2572 chardus
626 2504 717 2567 lilius
745 2507 882 2569 comitis
911 2505 1066 2582 Ranulfi,
1090 2524 1203 2570 comes
1234 2507 1277 2573 de
1306 2507 1401 2571 Rus-

452 2604 558 2670 silluu
574 2611 610 2668 et
626 2603 752 2668 fratres
772 2604 860 2688 ejus,
883 2605 1020 2668 Boeleis
1038 2604 1276 2682 earnotensis,
1295 2605 1401 2672 Albe.

452 2704 555 2768 radus
583 2704 626 2767 de
651 2703 832 2784 Coguauo,
859 2703 1066 2768 Humfridus
1096 2704 1187 2768 filius
1210 2705 1310 2788 ejus3
1337 2706 1401 2771 hos

449 2811 568 2868 autern
584 2804 818 2886 sequebantur
832 2803 953 2886 populi
965 2802 1094 2880 Italici,
1109 2812 1144 2869 et
1159 2803 1357 2887 quicunque
1379 2823 1401 2871 a

450 2902 608 2984 Tyrreno
636 2903 724 2966 mari
746 2902 782 2964 in
802 2899 1018 2967 Adriaticum
1041 2921 1151 2985 usque
1180 2904 1293 2966 sinum
1317 2923 1399 2968 cou-

450 3004 692 3066 versabantur.
743 3000 794 3063 Hi
809 3020 928 3065 omues
950 3002 1120 3082 usquead
1137 3002 1256 3066 urbem
1272 3002 1400 3068 (iasto-

449 3120 544 3164 ream
572 3100 768 3165 Boamundi
794 3099 924 3164 vexilla
948 3101 1070 3178 secuti,
1103 3121 1181 3164 curn
1211 3121 1235 3165 a
1265 3102 1400 3168 civibus

448 3199 588 3268 ‚venalia
619 3200 748 3282 populo
781 3218 851 3263 nou
891 3200 1157 3279 exhibebantur,
1193 3202 1398 3266 contrahere

448 3317 574 3379 greges
596 3305 631 3361 et
648 3306 805 3363 armenta
820 3298 989 3382 compulsi
1006 3305 1087 3362 suut
1102 3299 1285 3365 violenter.
1339 3301 1399 3366 Iu-

446 3396 560 3480 deque
574 3398 749 3480 progressi
765 3398 801 3460 in
817 3397 959 3479 regione
975 3396 1169 3480 Pelagonia
1188 3406 1305 3465 castra
1325 3407 1397 3464 sta-

447 3502 608 3577 tuerunt;
636 3498 695 3561 ubi
721 3496 900 3560 audientes
914 3496 1007 3579 quod
1030 3497 1065 3558 in
1082 3497 1197 3562 vicino
1222 3506 1297 3563 erat
1321 3519 1397 3562 mu-

446 3595 611 3679 nicipium
629 3596 712 3659 solis
735 3594 906 3659 haereticis
934 3594 1199 3664 habitatoribus
1220 3597 1397 3676 refertum,

443 3693 528 3760 illuc
552 3698 617 3760 sub
642 3695 818 3758 celeritate
843 3694 1070 3772 contendunt,
1091 3703 1139 3773 et,
1155 3703 1306 3760 castrum
1324 3698 1398 3772 vio,-

483 3951 490 3982 ¹
501 3953 619 4016 Interea]
632 3953 744 4002 William
759 3952 788 4002 of
794 3952 870 4014 Tyra,
881 3968 907 4013 p.
932 3951 1006 4011 lowr,
1017 3951 1101 3999 rather
1112 3951 1172 4000 than
1184 3950 1238 4002 thot
1248 3951 1278 4000 of
1285 3953 1397 4002 William

443 4027 501 4074 1358.
932 4021 961 4068 ol
974 4021 1049 4083 Tyro,
1068 4019 1131 4069 from
1142 4019 1225 4070 whom
1245 4022 1287 4069 the
1305 4026 1397 4072 textis

479 4089 638 4141 ‘Tuncredus
659 4090 798 4152 Willelmi]
826 4091 907 4140 Orde-
931 4089 1017 4139 taken.
1053 4089 1082 4138 If
1100 4090 1139 4138 lor
1160 4086 1250 4139 ‘lilius'
1273 4106 1313 4140 we
1335 4095 1396 4142 read

444 4163 512 4210 ricus
522 4162 615 4211 vitalis
626 4162 810 4211 callsTaucred
823 4161 907 4210 ‘Odo-
931 4155 1042 4221 ‘fratem'
1062 4159 1103 4207 the
1122 4159 1245 4220 difficulty
1261 4162 1349 4209 would
1365 4165 1396 4211 be

444 4232 484 4279 nis
526 4231 600 4293 Boni,
639 4231 776 4294 marchisii,
811 4226 906 4293 lilium,’
930 4229 1027 4278 solved.
1064 4230 1123 4279 lter.
1151 4230 1211 4279 Ital.
1239 4230 1343 4292 Scriptt.
1371 4248 1395 4282 v.

444 4299 529 4348 whose
557 4301 684 4361 authority
708 4301 832 4351 Muratorl
860 4300 907 4350 sol·
930 4302 1025 4360 phoa.
