3178 5194
417 523 553 571 rnonns
582 521 850 572 nrsronrnnum
1039 505 1105 574 ³67

154 701 233 745 nem
256 687 461 759 conventuS,
491 683 632 746 missam
658 681 895 747 celebraturus
918 681 1105 748 solemnem
1117 698 1172 740 no.
1186 695 1260 738 nne

153 787 188 844 et
205 800 397 844 sermonem
415 780 458 844 ad
481 782 647 865 populum
670 781 863 860 habiturus,
885 782 936 846 sic
959 799 1105 846 exorsus

153 886 219 955 est,
243 879 464 944 ‘Secundum
489 879 743 944 multitudinem
768 880 925 945 dolorum
951 900 1105 946 meorum

152 979 189 1040 in
211 979 315 1043 corde
339 998 429 1056 meo,
452 979 708 1045 consolationes
733 985 805 1044 tuae
830 980 1010 1046 laetificant
1032 980 1108 1044 ani-

153 1095 246 1142 mam
262 1078 400 1144 meam.'

177 1249 228 1313 De
241 1249 378 1316 tonitruo
391 1252 529 1338 gererali
544 1261 572 1318 et
584 1255 795 1339 sotbfaotioue
808 1255 889 1341 repis
897 1275 962 1340 pro
978 1261 1072 1318 morte

522 1350 603 1418 teari
619 1354 747 1420 lbomae.

206 1472 312 1538 Anno
338 1473 480 1539 Domini
503 1493 676 1543 ucuxxn.
702 1477 738 1542 in
762 1483 863 1542 nocte
885 1474 1013 1541 natalis
1033 1475 1244 1540 Dor-⁰³¹⁷&

157 1572 243 1635 mini
269 1566 441 1638 ¹tonitrua
463 1575 583 1640 audite
606 1584 688 1642 sunt
709 1576 897 1660 generalia,
921 1576 957 1639 in
978 1573 1109 1656 Anglia

157 1671 304 1749 sufficet,
322 1671 495 1738 Hibernia
515 1681 551 1739 et
568 1674 699 1754 Gallia,
723 1677 841 1741 subita
861 1682 898 1740 ot
919 1674 1109 1752 horribilia,

157 1770 276 1834 orbem
301 1771 449 1836 fortasse
472 1773 517 1837 ad
541 1793 634 1840 nova
652 1776 743 1840 beati
773 1775 917 1839 Thomee
945 1774 1109 1855 martyris

158 1868 327 1934 miracula
342 1891 387 1934 ex
404 1870 551 1936 diversis
576 1876 733 1956 partibus
748 1873 946 1949 invitantia,
963 1879 1003 1936 ut
1019 1872 1109 1936 sicut

157 1969 361 2050 sanguinem
381 1989 480 2034 suum
505 1992 569 2054 pro
583 1973 770 2038 universali
785 1972 936 2056 perfudit
952 1970 1109 2047 ecclesia,

158 2067 209 2130 ita
232 2067 309 2151 ejus
333 2069 450 2152 passio
476 2071 524 2135 sit
549 2073 757 2154 generaliter
782 2073 826 2136 ab
854 2071 1013 2136 omnibus
1042 2069 1110 2152 piis

158 2165 337 2231 desideriis
362 2168 557 2234 recolenda.
610 2171 739 2236 Eodem
756 2177 922 2253 tempore,
939 2189 1021 2251 rege
1036 2167 1111 2232 An-

159 2263 296 2346 glorum
326 2286 459 2331 moram
487 2267 636 2333 faciente
662 2268 698 2333 in
728 2267 911 2346 Hibernia,
935 2268 1045 2350 Hugo
1067 2267 1110 2332 de

159 2363 276 2428 Seinte
301 2365 403 2430 More
428 2375 464 2432 et
490 2367 697 2450 Radulpbus
722 2368 765 2433 de
794 2368 891 2444 Faie,
916 2365 1109 2431 avunculus

162 2461 306 2527 Alienor
330 2465 471 2547 reginae,
493 2465 637 2530 oonsilio
655 2465 778 2550 ipsius,
794 2474 834 2530 ut
856 2466 993 2539 dicitur,
1015 2464 1108 2546 regis

163 2561 309 2626 Henrici
334 2563 483 2646 junioris
514 2565 666 2628 animum
694 2572 876 2648 coeperunt
907 2571 1063 2629 avertere
1088 2582 1110 2626 a

160 2667 260 2742 patre
284 2681 360 2739 suo,
383 2669 588 2741 asserentes
611 2665 838 2746 incongruum
861 2663 969 2729 videri
993 2681 1109 2743 regem

161 2759 350 2841 quemlibet
377 2781 453 2827 esse
474 2770 511 2827 et
533 2762 802 2828 dominationem
823 2763 860 2826 in
883 2781 990 2844 regno
1013 2761 1109 2824 debi-

162 2864 233 2922 tam
259 2879 330 2924 non
353 2860 502 2942 habere;
536 2862 597 2926 sed
625 2881 689 2926 rex
720 2869 832 2944 pater,
855 2868 1041 2943 antequam
1065 2861 1110 2923 ab

164 2956 337 3023 Hibernia
348 2959 488 3036 rediret,
505 2953 615 3043 ²apud
638 2961 813 3026 Lissemor
827 2960 1008 3025 concilium
1027 2979 1109 3023 oon·
1122 2980 1241 3021 ceuncnn

163 3058 334 3139 gregavit,
365 3059 425 3123 ubi
453 3059 548 3140 leges
580 3058 720 3142 Angliae
754 3061 799 3124 ab
834 3059 992 3124 omnibus
1028 3065 1111 3122 sunt
1122 3032 1223 3072 mmm

164 3163 343 3236 gratanter
365 3165 513 3240 receptae
530 3165 566 3223 ct
580 3158 754 3243 juratoria
773 3159 933 3222 cautione
954 3156 1112 3238 praestita

164 3255 388 3320 confirmate.
441 3257 554 3323 Urbes
570 3265 606 3322 et
620 3258 777 3334 castella,
800 3275 879 3341 quae
901 3274 964 3318 rex
986 3255 1023 3318 in
1046 3273 1112 3318 sua

163 3363 353 3436 receperat,
367 3356 431 3419 sub
447 3355 539 3421 fideli
559 3357 717 3422 custodia
730 3355 929 3438 deputavit3
961 3360 1009 3432 et,
1024 3372 1111 3435 quo-

164 3452 256 3516 niam
275 3455 374 3518 varia
389 3455 503 3537 ipsum
519 3456 703 3521 trahebant
720 3455 873 3538 negotia,
889 3454 926 3518 in
950 3452 1005 3517 die
1022 3452 1112 3516 Pas·

164 3551 238 3615 cbae
265 3555 331 3616 sub
362 3553 470 3636 ipsius
505 3554 572 3619 diei
602 3554 805 3638 crepusculo
835 3573 960 3618 navem
993 3571 1114 3618 ascen·

164 3650 250 3714 dens
274 3650 311 3714 in
335 3653 488 3716 crastino
515 3654 683 3737 applicuit
703 3656 740 3718 in
763 3653 942 3730 Walliam,
973 3659 1008 3716 et
1034 3650 1114 3715 inde

166 3749 418 3816 Porecestriam
433 3752 576 3817 veniens
597 3753 820 3836 navigatione
843 3752 934 3815 felici
961 3751 998 3814 in
1022 3749 1115 3814 Nor-

164 3849 338 3914 manniam
359 3858 413 3916 cst
434 3858 664 3917 transvectus.
717 3852 764 3916 Et
781 3850 961 3916 confestim
979 3848 1023 3911 ad
1039 3869 1116 3914 car-

199 4008 331 4060 1Τοιιίέηι
341 4009 447 4071 radim]
469 4011 626 4074 Diceto,col.
652 4016 731 4061 states
748 4011 791 4060 the
809 4009 908 4060 councll
924 4013 951 4058 to
967 4009 1032 4057 bave
1051 4011 1115 4058 been

164 4082 221 4130 659.
652 4081 712 4130 held
720 4085 748 4130 ut
756 4079 908 4141 waterford,
915 4078 979 4127 with
991 4077 1116 4127 Giraldus

653 4150 825 4211 Cambrensis,
844 4148 902 4197 who
921 4149 993 4210 gives
1011 4147 1054 4197 tbe
1072 4147 1117 4195 de·

198 4214 287 4282 'Apud
294 4217 437 4281 bissem]
457 4218 627 4280 Diceto,ibid.
652 4234 723 4269 crees
741 4221 771 4269 ot
788 4219 831 4267 tbe
850 4217 931 4279 synod
948 4217 1017 4279 held,
1034 4231 1064 4267 as
1083 4216 1115 4266 ho

164 4287 287 4348 Compare
304 4287 438 4350 Hoveden,
455 4303 482 4349 p.
500 4289 627 4351 527,who
653 4293 758 4352 asseris,
769 4293 796 4337 at
806 4287 910 4338 anbel.
