3190 5202
447 483 469 548 8
707 501 842 550 aoonnr
865 502 912 550 nn
935 501 1143 550 wnsuovsa

289 671 412 748 alr-¹⁰3⁰·
451 657 647 740 episeopus,
658 658 759 722 exsul
771 665 806 722 et
816 658 1044 742 proscriptus,
1056 658 1168 722 zelum
1178 657 1247 721 Dei
1258 658 1400 736 hahens,

453 758 765 823 excommunicavit
780 760 960 822 universos
988 757 1143 822 ecclesiae
1169 758 1349 821 invasores
1365 765 1401 822 et

452 876 567 919 rerum
583 857 894 921 ecclesiasticarum
909 863 1077 939 raptores.

291 967 416 1066 {si-effi,
420 1017 444 1056 οἱ
504 955 634 1020 Eodem
659 975 762 1032 anno,
779 957 937 1038 deposito
959 961 1124 1037 apostata
1141 953 1400 1036 archiepiscopo

291 1067 427 1115 ceterius
453 1054 636 1136 Stigando,
655 1057 715 1136 qui
737 1057 832 1136 prius
860 1056 944 1118 data
969 1055 1116 1136 pecunia
1137 1053 1252 1116 fuerat
1268 1052 1401 1133 episco-

451 1173 517 1235 pns
533 1154 825 1229 Helmhamensis,
840 1172 881 1217 ac
906 1153 1068 1235 deinceps
1084 1151 1348 1228 Wintoniensis,
1364 1159 1400 1214 et

451 1253 637 1316 novissime
653 1251 928 1324 cantuariensis,
947 1260 986 1315 ut
1010 1252 1167 1333 superius
1186 1251 1399 1325 dictumest,

452 1370 541 1432 quos
564 1349 712 1414 honores
736 1369 805 1412 non
825 1351 954 1413 intuitu
978 1351 1155 1432 religionis
1183 1350 1243 1412 sed
1266 1348 1400 1430 cupidi·

451 1450 537 1512 tatis
569 1450 672 1512 simul
702 1449 855 1525 tenebat,
886 1451 1052 1513 successit
1083 1450 1115 1512 ei
1147 1442 1399 1524 ¹Lanfraneus,

453 1549 549 1629 prius
573 1548 762 1611 monachus
786 1548 970 1611 Beccensis
996 1555 1032 1612 et
1051 1547 1269 1630 postmodum
1292 1547 1400 1610 abbas

454 1645 691 1723 CadomensiS,
707 1649 742 1710 in
765 1646 1086 1728 archipraesulatum
1104 1645 1400 1722 Cantuariensem,

453 1747 525 1825 qui,
552 1746 590 1808 in
614 1747 818 1828 episcopatu
845 1746 945 1808 annis
969 1746 1160 1809 octodecim
1182 1744 1401 1809 laudabiliter

451 1851 689 1921 conversatus,
721 1845 975 1908 successoribus
1010 1845 1082 1907 suis
1119 1844 1266 1925 praebuit
1299 1845 1399 1906 honae

453 1944 725 2007 conversationis
739 1943 947 2024 exemplum.
992 1943 1124 2007 Eodem
1139 1949 1293 2024 tempore
1308 1942 1400 2005 Ead-

453 2062 559 2122 garus
588 2041 763 2122 Etheling,
788 2043 880 2123 regis
906 2042 1074 2107 Willelmi
1096 2042 1285 2118 dedititius,
1307 2041 1399 2104 facto

452 2142 496 2205 ad
525 2141 648 2205 Scotos
677 2139 883 2222 transfugio,
914 2141 1160 2226 jusjurandum
1189 2140 1399 2219 maculavit;

452 2240 525 2316 sed,
540 2240 590 2302 ibi
613 2259 691 2304 cum
721 2239 855 2321 aliquot
878 2258 989 2303 annos
1014 2239 1176 2320 degisset,
1195 2240 1286 2320 regis
1311 2238 1400 2302 Wil-

451 2339 546 2401 lelmi
571 2338 815 2401 liberalitatem
846 2339 995 2420 experiri
1021 2339 1153 2414 volens,
1186 2338 1230 2400 ad
1260 2357 1338 2400 eum
1364 2338 1400 2400 in

455 2435 704 2500 Normanniam
734 2437 926 2516 navigavit,
950 2456 972 2500 a
998 2456 1067 2518 quo
1100 2437 1186 2500 satis
1216 2435 1401 2500 honorifice

453 2543 613 2616 receptus
641 2543 677 2598 et
699 2536 864 2599 donativo
889 2556 959 2599 non
981 2536 1116 2600 modico
1138 2535 1339 2611 honoratus,
1359 2535 1401 2596 li-

452 2633 550 2695 bram
583 2635 720 2716 argenti
749 2653 811 2716 pro
835 2633 1038 2716 quotidiano
1072 2633 1244 2716 stipendio
1272 2654 1294 2697 a
1319 2652 1400 2714 rege

452 2733 617 2814 suscepit.

505 2901 592 2980 Quod
607 2911 685 2963 mat
661 2900 699 2964 la·
714 2899 769 2965 aod
771 2901 826 2965 ilas
840 2900 965 2986 Acylla
980 2902 1046 2966 loca
1060 2901 1176 2966 dasena
1185 2903 1350 2988 petierant.

290 3045 346 3084 nn.
358 3043 414 3084 ron.
503 3022 607 3087 Anno
634 3023 777 3086 Domini
802 3041 938 3087 Muxxr.
972 3024 1172 3101 Eadwinus,
1199 3025 1400 3089 Mercherus

291 3094 434 3196 popteipnppn
452 3129 487 3185 et
506 3123 694 3199 Siwardus,
710 3124 865 3199 comites,
878 3142 957 3185 cnm
969 3122 1162 3204 Egelwino,
1176 3124 1401 3188 Dunelmensi

453 3222 629 3303 episcopo,
647 3227 683 3284 et
698 3222 816 3284 multis
837 3221 988 3284 millibus
1012 3221 1214 3284 clericorum
1238 3230 1273 3286 et
1294 3224 1400 3288 laico-

453 3340 542 3395 rum,
557 3321 695 3382 deserta
708 3320 860 3400 regionis
877 3321 954 3383 loca
971 3328 1006 3384 et
1018 3339 1202 3384 nemorosa
1215 3323 1401 3402 petierunt,

453 3419 546 3498 regis
564 3418 730 3483 Willelmi
751 3413 1023 3499 indignationem
1039 3420 1128 3483 ferre
1148 3441 1217 3484 non
1232 3423 1400 3485 valentes

446 3517 611 3599 -Cumque
636 3519 746 3581 multa
772 3518 865 3580 mala
888 3518 930 3580 ad
955 3519 1115 3601 injuriam
1137 3521 1228 3600 regis
1254 3518 1290 3581 in
1316 3521 1401 3583 locis

454 3617 599 3681 diversis
622 3623 891 3700 perpetrassent,
907 3615 951 3680 ad
966 3617 1139 3682 Eliensem
1161 3617 1310 3680 insulam
1325 3626 1402 3681 tan-

454 3717 530 3779 dem
554 3717 743 3792 venientes,
766 3717 881 3780 locum
903 3717 1091 3782 mansionis
1113 3717 1195 3779 illuc
1217 3724 1252 3779 et
1276 3717 1401 3798 refugii

452 3815 652 3896 elegerunt3
683 3816 742 3896 qui
771 3816 899 3895 saepius
921 3816 1001 3878 inde
1027 3816 1199 3879 hostiliter
1222 3825 1401 3892 exeunteS,

452 3913 538 3976 duce
553 3907 797 3989 ²Herewardo,
815 3913 974 3994 degente
990 3914 1195 3995 Anglorum,
1212 3916 1287 3979 viro
1303 3915 1401 3979 nohi-

486 4127 691 4191 ¹Loasroacus.]
727 4130 758 4176 In
783 4129 826 4176 the
854 4129 914 4177 Sar.
976 4126 1167 4192 ²Herewurdo.]
1184 4131 1238 4178 The
1256 4131 1341 4178 sonos
1355 4131 1402 4179 Le·

451 4199 544 4248 Chron.
555 4199 637 4247 under
648 4199 698 4246 this
709 4213 771 4257 year
781 4199 804 4247 is
816 4199 915 4246 reeord-
940 4197 1012 4260 osric,
1022 4200 1077 4248 lord
1089 4199 1118 4248 oi
1126 4200 1203 4260 Born,
1213 4199 1403 4260 Lineolnshire;

451 4268 482 4314 ed
494 4283 526 4316 an
535 4271 643 4317 account
650 4267 679 4315 of
686 4267 726 4314 his
734 4269 913 4316 consecration.
940 4267 1062 4329 Ingulph.
