3144 5180
451 523 517 588 298
708 535 843 583 nocnnr
868 535 914 581 on
938 535 1144 585 wonoovsn

570 764 662 840 Quod
672 785 764 850 popo
779 762 961 827 Alanonder
982 762 1146 827 concilium
1168 764 1299 830 Turonis

830 862 1035 947 congregavit.

293 1016 417 1056 annm.
507 988 638 1053 Eodem
663 1007 754 1052 anno
784 1005 878 1069 papa
906 983 1107 1051 Alexander
1135 979 1302 1052 ¹Turonis
1327 1008 1411 1053 con·

293 1066 382 1155 33:¹¹
395 1065 421 1106 ⁰¹
456 1088 574 1152 cilium
599 1088 827 1170 congregavit
858 1087 895 1149 in
926 1085 1074 1150 ecclesia
1105 1089 1218 1151 sancti
1244 1086 1411 1153 Mauricii

457 1188 658 1252 duodecimo
691 1185 858 1250 kalendas
888 1184 1008 1264 Junii3
1046 1186 1090 1248 ad
1124 1186 1224 1271 cujus
1255 1188 1412 1252 vocatio-

458 1307 549 1364 nem,
567 1285 792 1369 permissione
808 1285 900 1367 regis
916 1283 1069 1366 Angliae,
1086 1293 1253 1350 venerunt
1276 1287 1411 1351 archie-

458 1387 604 1469 piscopi,
626 1385 780 1468 episcopi
796 1391 833 1448 et
848 1385 908 1448 alii
924 1382 1065 1466 Angliae
1079 1385 1228 1466 praelati,
1242 1385 1411 1462 Thomas,

459 1485 719 1550 Cantuariensis
749 1482 1041 1566 archiepiscopus,
1072 1503 1150 1547 cum
1181 1484 1253 1548 suis
1285 1485 1410 1551 suffra·

457 1586 591 1668 ganeis,
621 1591 658 1648 et
684 1583 727 1647 ad
754 1582 934 1648 dexteram
957 1602 1058 1665 papae
1079 1583 1116 1646 in
1137 1584 1281 1649 concilio
1308 1586 1412 1662 sedit,

458 1691 493 1748 et
522 1683 802 1765 archiepiscopus
832 1683 1062 1746 Eboracensis
1096 1683 1258 1763 Rogerus
1287 1685 1331 1748 ad
1361 1687 1411 1748 si-

458 1783 615 1861 nistram,
633 1802 710 1846 curn
727 1782 803 1845 solo
817 1783 981 1864 episcopo
998 1781 1237 1847 Dunelmensi.
1276 1784 1411 1848 Eodem

459 1902 550 1947 anno
578 1901 642 1946 rex
668 1881 877 1945 Malcolmus
906 1880 1088 1945 Scotorum
1116 1890 1151 1947 et
1176 1882 1290 1946 Resus
1315 1885 1412 1966 prin-

458 2001 539 2064 ceps
572 1982 754 2058 Demetiae,
781 1981 817 2044 id
843 1988 896 2051 est
920 1979 1138 2046 Australinm
1163 1981 1410 2061 Wallensium,

459 2073 555 2145 cum²
571 2082 649 2145 aliis
670 2081 810 2162 regibus
828 2088 864 2144 et
880 2079 1069 2164 majoribus
1087 2080 1270 2160 Camhriae,
1288 2081 1411 2146 halen-

459 2181 513 2244 dis
538 2179 627 2244 Julii
660 2180 752 2262 apud
778 2178 994 2244 Wodestoke
1026 2179 1182 2244 fecerunt
1209 2181 1412 2263 homagium

458 2280 533 2361 regi
550 2278 745 2361 Anglornm
762 2287 798 2344 et
812 2279 968 2342 Henrico
979 2278 1051 2342 filio
1067 2279 1155 2364 ejus.
1202 2280 1286 2362 Ipso
1304 2282 1411 2344 etiam

460 2398 552 2443 anno
571 2379 745 2461 Rogsrus,
763 2398 879 2442 comes
900 2377 1089 2454 Clarensis,
1112 2398 1134 2442 a
1148 2378 1296 2456 Thoma,
1315 2380 1409 2445 Can-

460 2477 629 2542 tuariensi
654 2477 924 2561 archiepiscopo,
944 2477 1037 2560 apud
1061 2478 1412 2547 westmonasterium

461 2583 606 2642 vocatus
623 2576 668 2639 ad
683 2578 878 2642 faciendum
901 2578 966 2641 sihi
986 2577 1186 2659 homagium
1204 2578 1248 2642 de
1266 2580 1411 2644 castello

460 2675 692 2757 Tunehregge
717 2683 754 2740 et
779 2677 996 2759 pertinentiis
1021 2677 1109 2760 ejus,
1138 2678 1349 2743 contradixit
1377 2679 1411 2742 ei

460 2793 574 2838 comes
596 2775 763 2839 instinctu
789 2776 894 2857 regia,
924 2776 1054 2853 dicens,
1075 2776 1213 2841 feodum
1239 2777 1323 2841 illud
1353 2785 1409 2842 to·

459 2881 533 2937 tum
561 2875 597 2937 in
629 2873 772 2939 servitio
797 2875 912 2939 laicali
942 2876 987 2939 ud
1012 2895 1129 2957 regem
1160 2877 1275 2959 potius
1304 2897 1410 2959 quam

459 2973 504 3035 ad
527 2973 824 3056 archiepiscopum
847 2974 1040 3055 pertinere3
1065 2983 1100 3039 st
1116 2975 1172 3040 hic
1187 2976 1263 3040 loco
1279 2983 1406 3041 octavo

458 3074 623 3154 apparuit
645 3073 736 3155 regis
762 3073 976 3155 perturbatio
994 3074 1160 3139 adversus
1180 3075 1412 3157 archiepisco—

458 3191 540 3253 pum
557 3172 853 3237 cantuariensem.

508 3347 613 3410 Foeta
629 3354 672 3411 ast
688 3345 855 3432 recognitio
869 3346 1120 3411 consuetudinum
1136 3347 1261 3434 Acylla
1275 3348 1366 3434 opud

817 3444 1058 3510 Olorooduomn.

292 3595 416 3635 nonni.
517 3568 622 3633 Anno
654 3569 797 3632 Domini
824 3586 990 3648 Mcnxrv„
1018 3570 1055 3633 in
1093 3571 1280 3652 praesentia
1314 3571 1409 3652 regis

291 3645 446 3736 didillffii'l'
461 3667 606 3732 Henrici
620 3661 730 3750 ³apnd
743 3667 998 3732 Clarendunam
1014 3677 1139 3734 octavo
1157 3668 1324 3734 kalendas
1343 3669 1413 3734 Fe-

459 3768 601 3844 bruarii,
625 3766 831 3850 praesidente
846 3767 870 3832 J
873 3768 1009 3833 ohanne
1027 3769 1069 3832 de
1086 3769 1226 3833 Oxonia
1246 3770 1289 3832 de
1311 3788 1412 3832 man·

458 3866 541 3930 dato
571 3867 682 3949 ipsius
712 3867 819 3948 regis,
848 3869 1078 3949 praesentibus
1104 3869 1210 3932 etiam
1239 3868 1413 3951 archiepi-

491 4040 771 4114 ¹Turoniscoociliom.]
795 4046 848 4096 'l'he
865 4051 919 4096 acts
947 4043 1416 4116 (Gwynned),kingoiN0rthWales‚

455 4117 485 4164 of
507 4116 550 4165 the
571 4116 675 4165 couness
697 4131 740 4165 are
761 4117 862 4176 printed
884 4119 919 4178 by
945 4132 1001 4166 was
1019 4118 1048 4166 ol'
1062 4117 1105 4167 the
1123 4119 1245 4181 number;
1260 4119 1348 4168 Dicet.
1365 4119 1416 4168 col.

454 4186 584 4248 Harduin,
605 4191 666 4236 tom.
685 4186 720 4236 vi.
742 4190 800 4248 part
821 4188 850 4236 ii.
869 4187 917 4238 col.
946 4191 1004 4237 5³6.

455 4258 528 4305 1589.
981 4254 1278 4320 ”Apodcureadanamq
1287 4258 1415 4320 Compare

464 4349 466 4353 v
487 4322 572 4373 ²Cum
594 4324 652 4373 aliis
673 4325 805 4388 regibus]
835 4326 918 4376 Owen
946 4327 1068 4389 wilkins,
1078 4326 1177 4377 Concil.
1188 4328 1206 4377 i.
1218 4330 1276 4378 485.
