3138 5184
493 503 558 567 164
747 520 881 568 aooaar
906 521 953 580 oa
976 519 1182 568 wnunovoa

331 691 387 730 nn
398 693 455 731 ¹¹⁰⁰
495 677 590 741 muni
606 678 751 743 consilio
768 679 936 741 baronum
954 696 1105 740 meorum
1123 679 1158 740 in
1175 696 1281 740 manu
1299 694 1376 738 mea
1395 674 1450 738 ita

331 741 452 830 finium
355 793 432 841 em
495 778 634 853 retinui,
651 777 742 842 sicut
764 781 864 859 pater
886 795 982 840 meus
1002 795 1062 840 eas
1086 776 1219 841 habuit.
1261 775 1449 852 Militibus,

496 878 556 958 qui
574 870 650 960 ¹pcr
664 877 789 942 loricas
805 882 915 940 terras
930 894 1012 940 suas
1030 874 1230 951 defendunt,
1253 883 1364 939 terras
1381 875 1447 938 do·

494 977 697 1040 minioarum
721 996 924 1040 carucarum
949 994 1089 1039 suarum
1115 975 1252 1057 quietas
1270 976 1316 1038 ab
1333 975 1448 1038 omni-

495 1077 560 1140 bus
585 1077 695 1158 geldis
718 1084 754 1141 et
779 1077 872 1139 omni
894 1074 1034 1157 proprio
1064 1075 1154 1138 dono
1175 1093 1253 1138 meo
1280 1074 1447 1152 concedo,

496 1182 536 1238 ut
563 1176 653 1262 siout
685 1183 755 1238 tam
787 1193 914 1255 magno
942 1174 1144 1254 gravamine
1168 1173 1323 1238 alleviati
1349 1181 1446 1251 sunt,

495 1267 550 1356 in²
573 1275 671 1357 equis
694 1282 729 1338 et
755 1274 859 1337 armis
876 1273 964 1336 bene
986 1292 1023 1336 se
1043 1272 1228 1348 instruant,
1248 1279 1289 1335 ut
1310 1273 1385 1354 apti
1410 1281 1447 1336 et

495 1375 609 1454 parati
637 1373 708 1436 sint
741 1371 785 1436 ad
813 1371 993 1436 servitium
1018 1391 1130 1436 meum
1156 1379 1192 1435 et
1213 1371 1256 1450 ad
1276 1370 1448 1449 defensio-¹

496 1492 573 1536 nem
600 1471 698 1552 regni
723 1471 801 1536 mei.
854 1470 982 1535 Pacem
1014 1471 1147 1535 firmam
1176 1490 1268 1554 pono
1298 1470 1334 1534 in
1368 1478 1445 1548 toto

496 1590 603 1652 regno
629 1591 715 1649 meo,
742 1579 777 1635 et
801 1571 909 1635 teneri
932 1570 1056 1634 amodo
1081 1570 1256 1653 praecipio.
1309 1569 1447 1652 Legem

496 1670 588 1750 regis
619 1671 781 1734 Edwardi
810 1671 909 1734 vobis
935 1669 1053 1747 reddo,
1079 1689 1157 1733 cum
1186 1669 1256 1733 illis
1283 1670 1447 1750 emenda-¹

496 1769 660 1847 tionibus,
678 1772 802 1851 quibus
820 1777 921 1852 pater
935 1787 1032 1832 meus
1057 1787 1133 1832 eam
1151 1769 1346 1845 emendavit
1362 1788 1447 1833 oon·

496 1868 575 1932 silio
592 1870 757 1933 baronum
774 1889 927 1934 suorum.
979 1867 1017 1931 Si
1040 1867 1118 1949 quis
1137 1867 1267 1950 aliquid
1289 1867 1332 1930 de
1354 1889 1447 1942 meo,

497 1968 552 2040 vel
568 1968 610 2032 de
629 1969 731 2033 rebus
746 1968 907 2052 alicujus
924 1975 1005 2049 post
1020 1968 1151 2031 obitum
1172 1967 1263 2048 regis
1277 1966 1448 2033 Willelmi

495 2066 613 2131 fratris
646 2068 714 2131 mei
745 2069 849 2151 cepit,
880 2073 989 2131 totum
1021 2066 1091 2130 cito
1123 2067 1287 2131 reddatur
1314 2067 1449 2150 absque

495 2167 755 2246 emendatione;
786 2174 822 2231 et
841 2167 871 2230 si
891 2167 969 2248 quis
993 2164 1073 2230 inde
1098 2165 1227 2249 aliquid
1251 2165 1447 2244 retinuerit,

495 2265 553 2330 ille
583 2287 688 2348 super
719 2285 821 2349 quem
852 2266 1029 2329 inventum
1053 2264 1158 2328 fuerit
1183 2265 1337 2346 graviter
1360 2266 1447 2330 mihi

495 2364 714 2429 emendabit!
760 2365 828 2428 His
847 2365 1005 2437 testibus,
1016 2361 1201 2441 Mauricio,
1211 2363 1447 2429 Londoniensi

495 2463 670 2544 episcopo,
685 2464 874 2540 Willelmo,
886 2463 1122 2528 Wintoniensi
1140 2463 1262 2540 electo,
1278 2460 1444 2542 Girardo,

496 2560 744 2627 Heresordensi
766 2563 941 2645 episcopo,
966 2562 1120 2626 Henrico
1144 2563 1281 2639 comite,
1303 2557 1448 2644 Simone

494 2661 630 2737 comite,
661 2662 820 2727 Waltero
858 2659 993 2726 Giffard
1030 2662 1166 2739 comite,
1205 2661 1359 2725 Roberto
1402 2664 1448 2727 de

495 2759 730 2838 Monte-sorti,
770 2761 910 2848 Rogare
948 2761 1073 2842 Bigod,
1119 2768 1154 2825 et
1198 2760 1275 2823 aliis
1312 2762 1446 2838 multis.

495 2858 614 2930 Factae
638 2868 721 2924 sunt
747 2868 799 2924 tot
823 2861 952 2924 chartae
981 2867 1066 2943 quot
1091 2867 1172 2938 sunt
1200 2860 1386 2940 comitatus
1409 2863 1447 2925 in

494 2956 636 3039 Anglia,
653 2969 699 3037 et,
717 2980 798 3042 rege
815 2960 972 3043 jubente,
991 2960 1116 3042 positae
1140 2960 1176 3022 in
1198 2960 1346 3038 abbatiis
1372 2961 1448 3024 sin-

493 3058 653 3138 gulorum
668 3059 894 3126 comitatuum
911 3060 954 3123 ad
972 3066 1240 3123 monumentum.

557 3233 607 3295 Do
621 3233 724 3298 redito
738 3234 893 3311 Ameana,
913 3233 1145 3298 Oootaora‘eoaa'a
1159 3231 1394 3316 orodimboopi,

859 3334 894 3396 io
907 3333 1069 3418 Aeoliam.

331 3490 466 3531 mm„
543 3457 623 3521 Rex
643 3459 762 3540 itaque
780 3456 956 3521 Henricus
977 3457 1013 3520 in
1030 3477 1157 3538 regem,
1173 3465 1213 3521 ut
1229 3457 1359 3521 dictum
1378 3466 1448 3534 est,
1551 3509 1552 3522 ,

330 3540 455 3581 ⁰¹⁸¹¹⁸⁶¹¹²¹·
492 3564 676 3621 coronatus
700 3556 795 3622 dedit
812 3557 1049 3639 episcopatum
1066 3557 1342 3621 Wintoniansom
1353 3556 1449 3621 Wil-
1550 3587 1551 3616 ι

491 3654 594 3721 lelmo
606 3653 753 3732 Giffard,
769 3662 804 3720 at
818 3656 982 3719 continuo
995 3657 1039 3720 de
1050 3656 1324 3738 possessionibus
1339 3674 1448 3720 cuno-

492 3755 537 3818 tis
564 3755 608 3817 ad
641 3756 879 3839 episcopatum
912 3755 1162 3836 pertinentibus
1187 3754 1297 3830 illum,
1320 3762 1447 3838 contra
1547 3821 1548 3830 ἶ

492 3854 572 3917 novi
590 3861 724 3918 statuta
740 3855 888 3932 concilii,
902 3853 945 3918 de
965 3873 1035 3936 quo
1058 3853 1215 3936 superius
1233 3853 1447 3918 mentionem

489 3952 644 4030 fecimus,
669 3953 859 4020 investivit.
908 3953 1055 4030 Deinde,
1088 3953 1129 4016 de
1159 3951 1304 4016 consilio
1334 3954 1447 4035 totius

490 4050 696 4133 Anglicanae
712 4052 879 4128 ecclesiae,
891 4053 986 4117 misit
998 4052 1042 4116 ad
1058 4060 1176 4134 partes
1193 4053 1448 4116 transmarinas

525 4221 593 4275 ¹Per
614 4225 723 4288 loricae]
750 4225 899 4276 Translated
916 4227 951 4287 by
1012 4223 1359 4291 ’Iaeqaia]‘1taseequis;’
1371 4229 1449 4280 Text.

486 4294 584 4354 Tyrrell
595 4293 791 4356 ‘babergeons3'
806 4296 834 4344 ii.
845 4300 938 4357 psile.
978 4297 1043 4347 Rois.
1108 4311 1111 4320 ⁴
