3178 5194
416 555 557 604 rannus
579 553 852 606 arsroaraauu.
1044 541 1112 607 395

153 721 348 781 conventus
363 715 400 779 in
413 713 516 780 fletus
531 721 568 780 et
583 715 733 798 suspiria
749 715 1006 793 commovisset,
1027 716 1110 780 bea·
1122 731 1259 833 fflqqs

154 823 231 879 tum
257 814 504 898 Amphibalum
528 833 607 879 cum
631 814 744 879 tribus
769 815 872 879 sociis
896 815 969 880 suis
996 810 1272 899 repet-annm·

155 922 244 992 tum,
274 933 459 979 accurrens
489 914 617 996 aliquis
644 915 829 980 nuntiavit.
881 914 976 993 Quid
999 917 1110 998 ergol

155 1013 317 1096 Suspiria
330 1015 510 1079 mutantur
525 1014 561 1077 in
574 1013 708 1091 laudes,
722 1021 759 1078 et
774 1013 926 1079 tristitiae
943 1016 1111 1080 successit

154 1113 291 1178 laetitiae
307 1111 523 1196 magnitudo.
575 1112 779 1195 Exsurgens
792 1131 816 1178 a
832 1131 953 1178 mensa
968 1133 1112 1196 cougre-

156 1212 257 1296 gatio
266 1212 310 1277 ad
322 1213 502 1278 ecclesiam
511 1213 718 1277 festinanter
726 1213 895 1295 procedit,
906 1222 942 1278 et
951 1214 1110 1279 laetitiam

154 1311 262 1377 corde
291 1320 494 1396 conceptum
519 1311 665 1377 elevatis
693 1312 854 1377 laudibus
882 1320 1110 1395 protestatur.

156 1411 332 1477 Inventus
358 1419 412 1477 est
433 1418 551 1477 autom
573 1412 696 1476 beatus
723 1418 858 1495 martyr
878 1409 1111 1495 Amphibalus

154 1513 251 1576 inter
267 1511 355 1576 duos
372 1513 483 1576 socios
501 1510 634 1575 medius
653 1517 689 1576 et
705 1511 915 1576 collateralis
931 1513 1111 1588 ambobus,

154 1612 264 1676 tertio
290 1613 385 1676 socio
409 1611 510 1694 quasi
533 1631 578 1676 ex
601 1617 800 1676 transverso
825 1617 861 1676 et
883 1612 928 1675 ab
950 1612 1111 1694 opposito

153 1712 272 1778 locum
290 1712 483 1777 solitarium
500 1719 703 1793 occupante.
752 1710 893 1776 Inventi
910 1719 993 1775 sunt
1007 1711 1111 1776 etiam

153 1831 266 1895 prope
279 1810 394 1875 locum
408 1811 508 1875 illum
517 1829 658 1875 numero
668 1830 731 1874 sex
742 1830 787 1875 ex
799 1810 902 1875 sociis
920 1818 1111 1894 martyrum

154 1910 416 1995 praedictorum,
440 1912 492 1975 ita
513 1909 606 1992 quod
628 1911 750 1975 beatus
771 1918 905 1993 martyr
918 1908 1111 1993 Amphiba·

155 2011 215 2074 lus
234 2010 387 2076 decimus
409 2010 611 2074 habebatur.
663 2009 762 2074 Inter
783 2010 946 2092 reliquias
969 2009 1110 2074 athletae

157 2109 290 2175 Christi
318 2109 521 2193 Amphibali
551 2108 684 2178 cultelli
715 2109 784 2173 duo
820 2109 940 2192 magni
976 2109 1111 2174 inventi

156 2209 312 2286 fuerunt,
328 2227 419 2273 nnus
439 2210 477 2272 in
498 2216 590 2274 testa
607 2209 732 2291 capitis
747 2216 783 2274 et
797 2208 886 2273 alter
907 2209 999 2272 circa
1021 2228 1109 2291 prae·

156 2309 289 2384 cordia,
305 2314 345 2373 nt
367 2326 486 2373 verum
507 2326 583 2372 esse
604 2307 783 2373 insinuent
804 2307 897 2391 quod
918 2308 954 2372 in
977 2302 1110 2372 ¹libello

156 2409 331 2492 passionis
354 2407 429 2492 ejus
455 2409 586 2491 scripto
610 2407 765 2490 antiquis
793 2408 1005 2492 temporibus
1027 2427 1111 2471 con·

156 2508 298 2574 tinctor.
352 2507 404 2572 Ut
424 2509 516 2572 enim
538 2507 644 2572 habet
667 2507 840 2591 passionis
863 2507 955 2572 illius
977 2515 1110 2585 textus,

159 2608 222 2672 alii
243 2609 479 2672 occubuerunt
495 2607 622 2690 gladiis
638 2609 741 2689 caesi3
765 2609 839 2692 ipse
855 2605 951 2685 vero,
968 2608 1110 2673 viscori-

158 2709 225 2771 bus
239 2709 352 2790 primo
369 2707 553 2790 patefactis
570 2715 606 2772 et
626 2707 801 2772 intestinis
820 2708 954 2792 ejectis,
974 2715 1010 2772 et
1030 2715 1111 2790 post

160 2807 291 2871 lanceis
319 2807 500 2872 confossus
527 2815 564 2872 ot
591 2806 753 2885 cultellis,
780 2809 942 2873 occubuit
970 2807 1110 2872 tandem

160 2905 333 2989 lapidibus
365 2915 632 2990 conquassatus,
669 2907 761 2972 unde
800 2909 933 2973 nullum
963 2907 1034 2972 fere
1065 2927 1110 2971 ex

161 3006 298 3070 ossibus
323 3006 398 3090 ejus
420 3007 592 3089 integrum
615 3009 817 3091 apparebat,
835 3027 914 3073 cum
938 3008 1110 3073 sociorum

160 3106 270 3190 ipsius
286 3125 368 3171 ossa
383 3105 495 3171 illaesa
510 3096 648 3190 penitus
665 3107 893 3172 exstitissent.

161 3279 401 3366 Quodreliquiae
410 3275 1111 3444 muctidrquiballzapadsaoctruarilboacm

509 3387 581 3444 suot
595 3389 683 3442 tram
717 3387 764 3442 tae.

211 3502 333 3569 Abbas
355 3499 485 3581 autem,
502 3510 542 3568 ut
564 3503 727 3581 diximus,
745 3502 865 3568 audito
883 3502 1004 3566 nuntio
1019 3500 1110 3564 desi·

160 3603 295 3682 dorato,
311 3604 478 3688 adjuncto
494 3603 561 3667 sibi
576 3604 690 3686 priore
713 3603 824 3692 [cum]
847 3601 982 3684 aliquot
995 3601 1113 3665 fratri-

160 3705 226 3766 bus
242 3704 285 3768 do
300 3711 486 3781 conventu,
508 3712 706 3768 sanctorum
724 3702 881 3767 celeriter
895 3701 981 3766 adiit
995 3701 1111 3783 sepul-

161 3811 273 3881 turas,
297 3811 333 3867 et
359 3804 503 3868 effossas
525 3804 690 3887 reliquias
716 3803 852 3885 erigens
873 3801 911 3864 in
937 3801 1111 3865 linteami-

162 3901 264 3966 nibus
285 3903 419 3968 idoneis
439 3903 644 3983 collocavit;
670 3910 896 3984 metuensque
913 3919 1019 3983 supra
1035 3920 1110 3964 mo·

161 4001 244 4066 dum
265 4002 421 4066 fraudem
447 4003 558 4086 plebis
577 4009 613 4066 et
630 4003 700 4068 vim
723 4003 834 4066 turbae
856 4000 1007 4083 undique
1029 4018 1111 4062 con-

161 4101 313 4179 fluentis,
344 4121 450 4186 quam
474 4122 497 4166 a
520 4102 775 4185 compressione
799 4101 933 4166 inventi
958 4099 1112 4163 thesauri

198 4278 338 4346 ¹Libello.]
364 4283 441 4331 Paris
460 4283 535 4340 adds,
553 4282 608 4332 that
626 4281 676 4332 this
693 4282 792 4332 volume
804 4295 859 4332 was
874 4277 1010 4343 preserved
1027 4278 1054 4327 iu
1070 4277 1112 4328 the

159 4353 256 4414 library
267 4352 296 4402 oi
304 4353 331 4404 S.
344 4348 450 4404 Albau’s
461 4354 552 4414 ahbey.
