3144 5180
422 515 561 566 eronus
584 516 853 566 arsromnauu.
1047 499 1116 574 265

160 685 195 741 et
210 675 396 752 miseriam,
410 682 450 738 ut
464 674 524 738 diu
546 674 674 738 oblitus
696 673 743 738 sit
758 675 811 738 sui
831 672 1022 759 Adjutoris,
1039 675 1112 754 sed,
1124 693 1180 733 nn.
1191 695 1247 733 nu.

161 777 240 840 Deo
258 774 397 839 tandem
412 773 510 837 illum
523 773 739 856 respiciente,
748 793 873 837 nomen
883 773 907 838 J
909 792 971 838 esu
983 773 1113 839 Christi
1124 743 1276 884 {iffii'i‘

161 874 340 940 invocavit
365 880 401 937 et
420 871 578 955 protinus
599 871 653 935 vis
680 871 828 936 flammae
851 891 929 936 eum
946 873 982 936 in
999 893 1114 938 aerem
1141 871 1146 882 '
1225 868 1259 882 ”

126 1034 130 1038 ,
162 991 301 1036 sursum
333 971 479 1048 levavit,
507 971 566 1034 ubi
596 971 633 1033 in
667 970 890 1036 descensione
920 973 1018 1055 putei
1050 974 1117 1037 ali·

163 1071 329 1154 quamdiu
342 1069 511 1134 attonitus
526 1069 636 1133 stetit.
674 1069 830 1136 Sedecce
843 1071 924 1135 novi
940 1070 1114 1138 daemones

162 1187 207 1236 ex
235 1189 296 1234 ore
320 1170 417 1252 putei
443 1175 706 1253 prorumpentes
732 1169 897 1234 dixerunt
920 1170 964 1247 ei,
987 1171 1056 1234 ‘Et
1075 1178 1115 1238 tu

161 1270 224 1352 qui
244 1269 301 1332 hic
324 1273 410 1345 stas,
429 1269 487 1332 cui
504 1266 590 1332 socii
607 1269 718 1332 nostri
740 1268 907 1333 dixerunt
925 1268 1016 1333 hunc
1038 1286 1116 1334 esse

162 1367 349 1444 inser-num,
367 1387 438 1431 non
457 1366 508 1430 ita
527 1366 601 1430 fore
618 1367 709 1430 scias
724 1386 733 1447 ;
757 1387 843 1430 nam*
857 1368 1117 1434 consuetudinis
1204 1365 1207 1370 ’

165 1474 294 1531 nostrae
310 1473 364 1530 est
378 1485 515 1548 semper
530 1464 680 1542 mentiri,
695 1473 747 1543 ut,
762 1484 850 1550 quos
866 1466 1022 1551 decipere
1044 1488 1114 1532 nou
1209 1527 1211 1532 .

165 1583 350 1648 possumus
375 1584 438 1648 per
468 1583 601 1640 verum,
631 1562 842 1648 decipiamus
871 1585 935 1647 per·
964 1566 1113 1647 salsum3

165 1665 219 1729 hic
244 1685 315 1729 non
340 1670 394 1728 est
418 1663 585 1740 infernuS,
611 1661 671 1726 sed
695 1681 786 1728 nunc
812 1670 847 1728 te
874 1665 918 1729 ad
944 1663 1114 1731 infernum

164 1762 345 1828 ducimus:

294 1911 297 1922 V
367 1939 417 2002 Do
426 1945 521 2022 ponto
533 1938 651 2015 stricta
668 1936 785 2003 labrim
801 1948 830 2003 et
842 1939 916 2004 olto.

230 2060 426 2125 Trahentes
460 2062 568 2142 igitur
601 2061 744 2126 militem
781 2061 901 2126 hostes
928 2063 1009 2128 novi
1038 2082 1115 2128 cum

166 2159 319 2224 tumultu
347 2159 527 2225 horrisono
549 2160 594 2224 ad
615 2160 743 2224 flumen
769 2160 942 2242 quoddam
958 2161 1115 2226 foetidum

166 2257 372 2323 latissimum
395 2277 436 2323 ac
458 2266 569 2324 totum
593 2259 731 2323 flamma
751 2259 939 2343 sulphureo
958 2260 1117 2326 incendio

162 2361 379 2442 coopertum,
405 2358 667 2440 daemonumque
690 2358 911 2422 multitudine
935 2359 1114 2443 repletum,

166 2458 353 2522 dicentium
376 2456 420 2534 ei,
440 2457 533 2539 quod
555 2458 619 2521 sub
648 2457 788 2522 flumine
813 2458 874 2522 illo
896 2465 988 2526 esset
1009 2459 1117 2522 infer·

168 2577 244 2620 nus.
299 2556 394 2619 Pons
411 2575 494 2620 vero
516 2556 786 2639 protendebatur
804 2557 897 2621 ultra
917 2557 1057 2635 flumen,
1078 2559 1115 2622 in

163 2674 238 2737 quo
264 2655 335 2718 tria
361 2655 461 2736 quasi
488 2655 714 2737 impossibilia
738 2654 963 2737 videbantur;
995 2677 1114 2736 unum,

167 2753 260 2838 quod
285 2753 337 2816 ita
363 2753 516 2817 lubricus
543 2760 630 2831 erat,
655 2762 706 2831 ut,
729 2754 864 2818 etiamsi
887 2756 980 2820 latus
1012 2765 1113 2834 esset,

167 2853 285 2917 nullus
301 2853 358 2917 vel
373 2853 435 2916 vix
452 2853 578 2934 aliquis
594 2853 631 2916 in
647 2872 689 2917 eo
708 2853 829 2936 pedem
846 2854 952 2936 figere
973 2864 1114 2939 posset}

167 2952 274 3029 aliud,
302 2952 394 3034 quod
421 2952 508 3016 adeo
535 2953 677 3016 strictus
707 2960 794 3029 erat,
818 2953 911 3034 quod
937 2953 1053 3018 nulius
1077 2957 1114 3018 in

167 3071 208 3115 eo
224 3057 320 3115 stare
335 3050 391 3115 vel
409 3050 585 3114 ambulare
600 3051 740 3115 valebat
755 3073 764 3130 ;
790 3052 942 3131 tertium,
957 3053 1049 3136 quod
1064 3053 1115 3118 ita

166 3151 258 3214 altus
281 3157 337 3214 est
360 3157 395 3212 et
417 3169 443 3212 a.
454 3148 594 3213 flumine
610 3156 774 3227 remotus,
794 3151 887 3232 quod
906 3151 1114 3216 horrendum

167 3257 243 3312 erat
270 3248 430 3312 deorsum
457 3247 621 3332 aspicere.
670 3249 840 3332 ‘Oportet
868 3250 926 3326 te,'
954 3250 1115 3331 inquiunt

167 3350 352 3425 daemoneS,
370 3353 494 3430 ‘super
510 3353 650 3431 pontem
669 3348 760 3411 hunc
777 3348 962 3426 ambulare,
980 3356 1015 3413 et
1030 3368 1115 3412 ven*-

169 3453 226 3511 tus
240 3446 312 3524 ille,
333 3449 393 3530 qui
413 3455 447 3512 te
466 3447 612 3530 projecit
634 3446 670 3509 in
690 3446 785 3510 aliud
803 3446 940 3524 flumen,
957 3448 1116 3532 projiciet

165 3547 204 3609 in
232 3545 352 3624 istud3
384 3554 419 3610 et
441 3545 619 3610 confestim
643 3564 665 3608 a
692 3546 795 3610 sociis
823 3548 963 3624 nostris,
991 3549 1050 3629 qui
1078 3549 1114 3611 in

169 3645 310 3708 flumine
341 3652 434 3720 sunt,
462 3645 608 3726 capieris
632 3652 667 3708 et
693 3645 728 3708 in
755 3645 963 3727 profundum
989 3648 1115 3712 inferni

167 3743 376 3826 demergeris
393 3741 412 3821 ;'
447 3742 507 3806 sed
535 3743 646 3821 miles,
674 3744 836 3809 invocato
865 3746 1002 3811 nomine
1027 3746 1114 3811 Jesu

170 3842 310 3919 Christi,
331 3848 472 3924 pontem
497 3842 661 3906 audacter
684 3843 859 3925 ingressus
880 3846 987 3927 coepit
1010 3846 1114 3927 pede·

171 3942 292 4004 tentim
307 3959 411 4021 super
419 3948 560 4022 pontem
569 3940 738 4018 incedere,
753 3950 788 4006 et
798 3962 866 4025 quo
878 3943 1025 4024 amplius
1037 3963 1116 4024 pro-

168 4040 273 4104 cessit
290 4038 327 4101 in
351 4058 404 4115 eo,
424 4046 523 4104 tanto
540 4039 632 4104 viam
648 4040 831 4123 largiorem
857 4041 1002 4119 invenit,
1025 4042 1115 4105 unde

168 4137 284 4221 pontis
306 4136 455 4202 latitudo
477 4139 513 4202 in
532 4140 628 4204 brevi
652 4140 703 4204 ita
725 4141 846 4217 crevit,
870 4148 908 4204 ut
935 4141 1001 4204 viae
1027 4141 1115 4222 pub-

168 4238 244 4303 licae
266 4237 525 4322 amplitudinem
552 4238 741 4321 praeferret.
795 4240 905 4318 Porro
930 4239 1117 4318 daemones,
