3104 5186
392 593 534 642 rnonns
555 593 829 644 msronrnnnn.
1038 579 1083 645 87

129 761 350 818 transeuntes
373 755 410 817 in
430 753 500 818 duo
519 755 711 818 exercitum
732 755 944 819 diviserunt:
970 753 1080 818 domi-
1096 771 1218 816 nonna

128 873 193 916 nus
210 854 437 917 Boamundus
454 862 490 918 et
504 853 576 916 dux
593 853 874 918 Normannorum
892 825 1246 932 &hermam-72:15„

129 973 244 1017 comes
277 953 455 1016 Blesensis
487 952 696 1034 Stephanus,
727 953 838 1036 Hugo
870 953 914 1016 de
948 953 1080 1018 Sancto

130 1051 256 1130 Paulo,
274 1060 311 1116 et
327 1052 542 1129 Tener-edus,
557 1071 636 1115 cum
654 1053 727 1115 suis
743 1052 941 1117 cohortibus
956 1051 1079 1118 laevam

130 1152 239 1216 secuti
262 1151 300 1214 in
315 1152 455 1229 vallem,
477 1151 534 1215 cui
554 1170 680 1214 nomen
702 1159 757 1216 est
771 1151 942 1234 Gorgoni,
958 1171 1080 1234 perve-

130 1259 277 1331 nerunt3
310 1250 436 1333 reliqui
468 1270 549 1315 vero
579 1270 698 1314 omnes
724 1251 883 1315 dextram
909 1258 1080 1329 tenentes,

130 1351 190 1414 vix
213 1370 235 1414 a
257 1352 384 1414 castris
401 1350 645 1432 praedictorum
664 1350 800 1414 dnobus
816 1351 986 1414 distantes
1001 1351 1079 1413 mil·

130 1449 287 1528 liaribus,
304 1449 433 1513 dietam
450 1449 720 1532 compleverunt.
762 1449 983 1514 Solimannus
997 1469 1080 1515 vero

129 1548 237 1613 illatae
266 1568 400 1612 memor
420 1549 570 1634 injuriae,
594 1548 631 1612 in
656 1549 809 1613 crastino
838 1549 931 1614 circa
959 1549 1080 1614 boram

103 1664 108 1674 ·
130 1648 196 1711 diei
219 1648 423 1726 secundam,
447 1649 546 1714 adest
571 1668 649 1712 cum
666 1648 860 1712 'lurcorum
884 1649 1079 1730 agminibus

129 1748 285 1826 infinitis,
318 1767 465 1830 quorum
495 1767 658 1811 numerus
684 1746 910 1812 ducentorum
935 1749 1079 1812 millium

130 1867 301 1910 summam
331 1846 497 1911 excedere
528 1848 732 1928 dicebatur-3
766 1847 876 1911 nostri
900 1867 995 1925 vero,
1017 1868 1081 1929 per

131 1948 372 2031 exploratores
403 1967 522 2012 eorum
561 1946 715 2012 adventu
744 1947 971 2028 praecognito,
1003 1966 1078 2010 sar·

130 2047 225 2110 ninas
252 2054 291 2111 et
313 2040 452 2110 ¹currus
475 2067 553 2111 cum
576 2045 746 2115 debilibus
768 2047 841 2110 suis
857 2065 958 2110 secus
974 2065 1079 2110 arun·

129 2146 284 2210 dinetum
319 2145 356 2208 in
384 2147 499 2210 vicino
529 2147 682 2228 positum
708 2146 923 2223 locaverumt,
949 2153 985 2210 et
1011 2145 1080 2228 ipsi

130 2245 169 2308 ad
204 2265 304 2309 arma
337 2245 563 2310 convolantes
595 2264 704 2328 equos
735 2253 945 2327 praeparant,
977 2246 1080 2328 quasi

130 2346 286 2408 cominus
311 2347 513 2426 pugnaturi,
540 2353 576 2409 et
600 2345 716 2408 missis
740 2345 871 2409 nuntiis
903 2344 948 2408 ad
972 2345 1078 2408 alium

130 2446 335 2521 exercitum,
361 2464 474 2527 aquo
497 2451 626 2508 temere
644 2452 870 2521 recesserant,
896 2444 1080 2508 hortantur

131 2545 300 2608 attentius
322 2551 362 2608 ut
380 2544 548 2607 auxilium
566 2543 777 2626 [conserant]
795 2545 868 2608 suis
885 2543 1080 2625 legionibus

131 2644 344 2726 desperatis;
375 2643 436 2706 sed
459 2644 609 2720 interim,
635 2642 764 2707 nostris
789 2643 921 2720 invitiS,
951 2643 1080 2707 bellum

131 2744 360 2811 committitur
396 2742 558 2806 horribile
597 2749 634 2806 et
668 2742 885 2820 damnosum,
928 2743 966 2805 in
1011 2762 1082 2824 quo

132 2843 333 2906 Christiana
367 2845 517 2906 contrita
553 2849 635 2906 sunt
673 2843 815 2923 agmina
848 2841 1081 2920 vehementer,

132 2962 211 3005 nam
233 2943 316 3024 equi
339 2961 458 3005 eorum
482 2941 659 3005 insolitum
683 2961 754 3005 non
779 2942 928 3005 serentes
954 2942 1083 3006 clamo-

131 3062 201 3104 rem
218 3041 425 3118 Turcorum,
447 3041 670 3105 buccinarum
692 3041 903 3121 clangorem,
924 3043 1083 3123 ictusque

132 3142 402 3217 taburcinorum,
432 3141 623 3204 calcaribus
657 3160 727 3203 non
755 3142 935 3222 parebant.
989 3141 1084 3205 Dum

132 3241 241 3322 igitur
263 3239 453 3305 Christiani
475 3239 594 3323 fugam
612 3241 701 3304 inire
723 3248 939 3322 cogerentur,
962 3259 1082 3322 super-

133 3341 229 3404 venit
257 3340 461 3422 magnificus
488 3341 561 3414 dux
589 3340 870 3404 Normannorum
895 3340 1083 3416 Robertus,

135 3440 289 3504 clamans
322 3447 358 3503 et
388 3440 517 3516 dicens,
548 3438 653 3518 ‘Quo
682 3440 802 3520 fugitis
828 3440 979 3504 militesl
1015 3458 1085 3520 qno

135 3539 282 3620 fugitis?
317 3540 397 3620 equi
418 3538 610 3602 Turcorum
627 3539 757 3602 nostris
779 3538 970 3603 velociores
992 3546 1085 3615 sunt,

137 3638 227 3701 unde
253 3639 340 3719 fuga
369 3639 531 3719 praesidio
557 3657 626 3701 non
652 3645 725 3716 est;
758 3638 881 3701 melius
910 3645 964 3701 est
993 3638 1085 3700 enim

137 3738 222 3801 bene
246 3738 346 3814 mori,
371 3756 476 3819 quam
502 3738 650 3819 turpiter
676 3739 816 3816 vivere3
849 3756 982 3802 mecum
1006 3756 1085 3800 sen·

137 3837 212 3914 tite,
224 3857 280 3900 me
294 3837 501 3918 sequimini!
552 3836 641 3900 Haec
657 3856 736 3900 cum
752 3835 909 3913 dixisset,
926 3837 962 3899 in
979 3855 1086 3918 quen-

140 3935 217 3998 dam
233 3936 428 4000 'I'urcorum
445 3955 562 4017 regem
578 3936 708 4000 lanceae
725 3935 854 3999 direxit
867 3937 991 4012 aciem,
1009 3955 1087 4017 quae

139 4042 272 4099 scutum
290 4036 386 4099 illico
403 4043 438 4099 et
455 4036 599 4098 loricam
615 4056 694 4099 cum
711 4055 855 4117 corpore
877 4033 1087 4117 perforavit;

140 4137 328 4199 secundum
359 4154 507 4217 quoque,
534 4143 569 4199 et
594 4136 735 4199 tertium
760 4135 930 4213 similiter,
953 4135 990 4197 in
1015 4153 1089 4197 mo-

388 4385 396 4418 ¹
418 4389 532 4452 Cunna]
548 4387 664 4438 ‘Currus
673 4379 786 4447 Turcos,'
800 4387 830 4436 C.
926 4440 933 4456 ι
