3178 5194
415 525 555 574 enonas
579 525 850 576 u1sroa1anuu.
1044 511 1108 577 371

160 681 333 748 audientia
348 684 588 768 episcoporum
605 685 755 749 omnium
773 686 1010 763 acharonem,
1032 683 1241 752 baccanum.

159 781 247 846 inter
258 789 388 848 caetera
404 785 638 865 continentem
654 785 945 849 ‘Universitatcm
955 791 1106 850 vestram

160 900 337 946 monemus
363 890 398 948 et
421 885 630 949 auctoritate
652 903 722 967 qua
744 884 920 967 fungimur
951 884 1105 950 districte

158 976 389 1064 precipimus,
412 989 453 1046 ut
474 984 627 1047 natalem
648 981 792 1048 Thomas
812 984 974 1068 martyris
1000 983 1105 1065 glori·

158 1079 219 1157 osi,
238 1080 502 1147 Cantuariensis
520 1082 602 1147 olim
624 1082 886 1166 archiepiscopi,
903 1081 992 1147 diem
1010 1083 1105 1148 vide-

157 1176 237 1244 licet
261 1181 434 1262 passionis
454 1181 542 1266 ejus,
562 1183 763 1246 solemniter
781 1184 845 1246 sub
866 1182 966 1246 annis
985 1182 1104 1264 singn-

158 1278 199 1342 lis
224 1279 419 1359 celebretis,
448 1287 484 1345 et
511 1282 605 1364 apud
634 1301 711 1345 eum
736 1282 864 1346 votivis
889 1281 1103 1346 orationibus

157 1380 327 1461 satagatis
348 1386 570 1463 peccatorum
587 1381 724 1445 veniam
746 1381 944 1463 promereri,
970 1387 1020 1458 ut,
1043 1381 1103 1464 qui

156 1496 218 1559 pro
236 1477 379 1544 Christo
400 1480 437 1543 in
457 1478 529 1544 vita
551 1481 695 1544 exilium
718 1487 753 1544 et
774 1481 810 1544 in
832 1487 943 1545 morte
963 1480 1103 1545 virtutis

156 1579 354 1643 constantia
368 1579 573 1662 martyrium
587 1579 732 1662 pertulit
746 1579 931 1662 passionis
954 1578 1104 1644 fidebam

150 1676 231 1759 jugi
257 1677 512 1761 supplicatione
530 1678 773 1762 interpellatus
796 1679 888 1762 apud
905 1679 1019 1750 Deum
1041 1699 1105 1763 pro

155 1777 256 1840 nobis
278 1777 493 1843 intercedat.’
531 1776 701 1862 Apicibus
717 1785 831 1843 autem
849 1778 910 1842 vix
932 1779 1104 1862 perlectis,

154 1874 359 1941 levaverunt
385 1897 507 1942 vocem
540 1897 659 1943 omnes
691 1878 727 1941 in
764 1876 909 1941 sublime
939 1877 1104 1956 dicentes,

153 1973 234 2039 ‘Te
251 1976 366 2040 Deum
382 1969 590 2043 laudamus.'
639 1977 686 2042 Et
708 1976 871 2060 quoniam
896 1976 1105 2058 suffraganei

154 2072 233 2156 ejas
243 2074 396 2140 debitam
407 2078 500 2159 patri
516 2077 745 2141 reverentiam
762 2082 824 2139 aut
840 2075 1027 2153 exsulanti,
1043 2083 1105 2139 aut

155 2174 202 2237 ab
229 2175 335 2239 exilio
363 2177 562 2253 revertenti,
582 2177 636 2242 vel
663 2176 766 2240 etiam
787 2193 926 2240 reverso
948 2194 1016 2239 non
1040 2194 1104 2239 ex·

155 2272 352 2353 bibuerant‚
366 2275 427 2340 sed
451 2275 568 2358 potius
591 2275 730 2340 fuerant
751 2275 933 2358 persecuti,
948 2279 988 2338 ut
1003 2292 1104 2338 suum

155 2371 294 2454 publice
316 2375 475 2439 omnibns
497 2376 744 2440 confiterentur
761 2393 909 2439 errorem
928 2380 963 2438 et
979 2373 1105 2457 iniqui·

156 2479 278 2550 tatem,
300 2493 346 2538 ex
369 2493 429 2538 ore
450 2475 553 2540 unius
575 2474 729 2557 episcopi
751 2474 902 2538 omnium
929 2473 1107 2558 episcopo-

157 2591 233 2635 rum
248 2579 303 2636 est
317 2592 484 2659 expressa
500 2574 671 2639 confessio
688 2573 846 2650 dicentis,
858 2572 1022 2651 ‘Adesto
1032 2573 1106 2637 Do·

158 2672 262 2750 mine,
286 2672 597 2756 supplicationibus
619 2672 759 2751 nostris,
777 2679 828 2750 at,
845 2672 964 2755 quiex
979 2672 1105 2756 iniqui·

158 2775 231 2835 tate
263 2779 384 2836 nostra
414 2792 492 2837 reos
525 2793 590 2838 nos
621 2791 698 2836 esse
728 2773 980 2854 cognoscimus
1012 2772 1105 2836 beati

159 2868 303 2934 Thomas
329 2873 492 2955 martyris
523 2872 576 2937 tui
607 2877 714 2954 atque
742 2871 914 2954 pontificis
940 2871 1105 2936 interces-

160 2970 256 3034 sione
270 2971 477 3036 liberemur.’
502 2969 633 3036 Eodem
650 2989 742 3035 anno
759 2970 885 3049 Maria,
902 2990 1001 3035 soror
1016 2971 1106 3056 ejus-

160 3069 236 3133 dem
262 3072 385 3135 sancti·
397 3071 573 3154 martyris,
589 3089 672 3152 rege
684 3070 841 3154 jubente,
862 3069 957 3133 sacta
972 3077 1026 3135 est
1042 3072 1105 3134 ab·

158 3169 290 3234 batissa
320 3167 582 3254 Berkingeasis.
647 3169 717 3234 Per
746 3167 835 3233 idem
869 3163 1005 3250 tempus
1041 3161 1105 3233 r'ex

160 3267 335 3334 Hem-icus
369 3270 511 3354 juvenis
540 3276 692 3334 castrum
722 3267 876 3333 Gornaci
900 3267 1046 3345 obsedit,
1070 3275 1107 3332 et

158 3369 251 3450 cepit
272 3369 308 3432 in
332 3389 374 3434 eo
398 3369 588 3452 Hagonem
610 3367 787 3433 dominam
810 3368 915 3432 castri
937 3373 973 3432 ct
995 3367 1104 3432 lilium

158 3465 234 3549 ejus
251 3488 330 3532 cum
345 3469 636 3552 vigintiquatuor
657 3466 835 3545 militibus,
858 3474 1009 3532 castrum
1031 3487 1107 3532 suc-

162 3566 278 3631 cendit
309 3575 346 3632 et
376 3569 567 3651 burgenses
598 3567 643 3631 ad
675 3566 946 3650 redemptionem
980 3567 1106 3648 coegit.

159 3663 240 3742 Quo
270 3667 376 3731 etiam
407 3674 562 3750 tempore
586 3667 776 3744 Robertus,
799 3685 915 3731 comes
938 3665 1107 3750 Legeces-

158 3765 296 3842 trcnsis,
326 3773 466 3830 etcum
495 3786 537 3830 eo
562 3766 759 3831 Willelmus
793 3767 836 3832 de
868 3763 1108 3845 Tankarvilla,

157 3883 235 3926 cnm
267 3865 386 3929 multis
411 3865 594 3929 comitibus
620 3872 657 3930 et
681 3867 880 3944 baronibus,
905 3886 1021 3948 regem
1045 3886 1108 3950 pa·

156 3971 245 4123 {rem
276 3964 511 4048 relinquentes
537 3965 581 4029 ad
604 3983 721 4048 regem
743 3965 850 4030 filium
876 3965 1106 4048 transfugium
1168 4055 1171 4064 ‚

171 4072 322 4127 cccrunt.
