3138 5184
457 548 523 611 230
715 563 849 610 aocrar
875 564 922 610 na
945 562 1153 611 wuuuovmr

300 753 423 793 aaran.
461 724 633 799 Romano,
659 730 694 786 et
717 730 797 804 post
816 743 838 786 a
859 717 1066 799 ¹Willelmo,
1082 720 1318 787 Wintoniensi
1335 724 1411 804 epi-

461 842 580 904 scopo,
600 828 635 884 et
650 821 942 885 Londoniensium
960 823 1122 900 civitate;
1147 821 1207 884 sed
1225 841 1321 898 mox,
1335 823 1411 884 sive

462 919 684 986 subdolorum
700 921 880 996 instinctu,
893 921 967 984 sive
986 919 1053 983 Dei
1068 927 1169 996 nutu,
1181 913 1223 983 ²a
1234 919 1411 983 Londoni-

464 1021 604 1086 ensibus
631 1019 779 1100 expulsa
802 1037 918 1101 regem
935 1018 1149 1102 Stephanum
1174 1020 1210 1081 in
1233 1018 1411 1102 compedi-

463 1118 530 1183 bus
552 1118 635 1200 poni
655 1117 832 1200 praecepit,
851 1125 888 1180 et
907 1117 957 1180 sic
977 1124 1057 1199 post
1072 1116 1146 1180 dies
1168 1134 1309 1199 paucos,
1329 1137 1410 1180 cum

465 1217 637 1281 avunculo
651 1207 715 1280 suo
733 1231 814 1298 rege
828 1216 1022 1292 Scotorum,
1037 1222 1072 1278 et
1085 1214 1191 1279 fratre
1208 1235 1272 1279 suo
1283 1217 1413 1279 comite

466 1316 635 1392 Roberto,
652 1321 687 1379 et
706 1315 784 1378 aliis
800 1322 1009 1378 armatorum
1027 1314 1148 1394 copiis,
1162 1323 1291 1378 turrem
1307 1314 1412 1378 Win-

466 1415 634 1478 tonionsis
662 1415 815 1496 episcopi
843 1412 1000 1493 obsedit3
1030 1412 1090 1476 sed
1121 1414 1303 1495 episcopus
1329 1413 1413 1477 mit-

465 1521 543 1575 tens
558 1531 621 1594 pro
642 1513 762 1594 regina
779 1519 814 1575 et
830 1513 1007 1576 Willelmo
1022 1511 1187 1594 Yprensi,
1209 1531 1251 1576 ac
1273 1513 1412 1575 cacteris

464 1608 618 1691 Angliae,
633 1612 693 1694 qui
716 1610 893 1692 Stephano
913 1611 988 1693 regi
1007 1610 1184 1688 favebant,
1199 1611 1413 1692 proceribus

466 1727 525 1771 eos
550 1709 587 1771 in
610 1728 710 1772 suum
735 1709 903 1772 auxilium
928 1711 1099 1787 evocavit,
1123 1716 1171 1787 et,
1194 1710 1288 1773 facto
1310 1711 1414 1790 gravi

466 1807 595 1890 impetu
619 1808 657 1871 in
686 1809 877 1872 exercitum
904 1809 1144 1891 imperatricis,
1170 1808 1414 1890 compulerunt

467 1924 597 1984 omnes,
614 1908 674 1989 qui
691 1907 727 1969 in
743 1907 921 1970 obsidione
940 1915 1052 1985 erant,
1066 1907 1102 1970 in
1119 1907 1250 1988 fugam,
1263 1914 1299 1971 et
1318 1907 1414 1988 sugi-

467 2011 564 2068 entes
596 2005 738 2070 viriliter
768 2007 915 2070 insecuti
946 2013 1112 2090 ceperunt
1145 2007 1235 2070 inter
1264 2014 1413 2070 caeteros

468 2103 660 2168 Robortum
689 2106 848 2168 comitem
876 2112 912 2168 et
938 2105 1080 2170 fratrem
1108 2105 1348 2186 imperatricis,
1375 2105 1414 2168 in

467 2203 567 2286 cujus
593 2204 750 2268 custodia
778 2223 842 2266 rex
868 2203 1066 2287 Stephanus
1091 2203 1286 2280 tenebatur,
1311 2204 1416 2286 cujus

468 2302 544 2365 sola
578 2304 738 2385 captione
773 2321 837 2366 rex
872 2310 1008 2383 poterat
1038 2322 1062 2366 a
1090 2319 1227 2366 carcere
1258 2302 1412 2367 liberari.

468 2395 621 2482 Captus³
634 2409 689 2465 est
699 2408 813 2464 autern
823 2401 859 2464 in
871 2401 925 2464 die
943 2400 1167 2466 exaltationis
1181 2407 1311 2464 sanctae
1324 2400 1415 2465 Cru-

468 2499 530 2574 cis,
549 2499 609 2561 sed
629 2500 855 2563 incontinenti
872 2499 975 2563 datus
995 2507 1049 2564 est
1070 2518 1130 2564 rex
1152 2519 1216 2582 pro
1231 2517 1284 2576 co,
1301 2507 1337 2563 et
1362 2501 1416 2564 sic

467 2598 569 2660 ambo
588 2605 670 2661 sunt
686 2616 708 2659 a
723 2598 868 2661 vinculis
885 2598 1047 2662 absoluti.
1086 2598 1260 2662 Paridem
1275 2606 1415 2680 tempus

467 2689 727 2772 walerannus*
754 2715 868 2760 comes
894 2697 937 2762 de
970 2696 1133 2775 Meslent,
1160 2698 1220 2780 qui
1252 2697 1413 2762 omnibus

468 2792 693 2858 Normanniae
708 2802 859 2875 praeerat
872 2796 1083 2877 proceribus
1097 2795 1314 2859 concordiam
1328 2797 1413 2860 fecit

467 2909 544 2955 cum
567 2894 693 2957 cornito
718 2892 967 2976 Andegavensi
993 2893 1174 2972 Gaufrido,
1203 2903 1239 2959 et
1261 2893 1357 2959 dedit
1381 2896 1413 2958 ei

468 2990 648 3055 castellum
674 2991 923 3056 Montis-fortis
941 3001 976 3057 et
998 2994 1178 3057 castellum
1200 2993 1358 3071 Falesiae,
1376 3001 1413 3058 et

466 3089 516 3152 sic
545 3090 770 3155 subdiderunt
793 3110 830 3154 se
854 3092 885 3155 ei
911 3111 1030 3156 omnes
1050 3093 1115 3156 viri
1140 3098 1300 3174 potentes
1324 3093 1415 3156 citra

467 3187 595 3251 flumen
619 3188 790 3270 Sequanae
810 3190 983 3272 usquead
1008 3191 1119 3272 ripam
1144 3191 1254 3268 Risle,
1269 3199 1304 3253 et
1325 3189 1411 3254 fide·

466 3285 598 3351 litatem
615 3288 823 3353 cifecerunt.
862 3288 993 3352 Eodem
1006 3307 1097 3353 anno
1109 3288 1299 3366 Gileberto,
1316 3287 1412 3352 Lon-

466 3384 621 3449 doniensi
660 3385 835 3468 episcopo,
873 3388 933 3469 qui
965 3387 1183 3453 Universalis
1219 3388 1413 3465 dicebatur,

379 3487 381 3492 “
466 3477 658 3548 Robertus⁵
677 3485 719 3548 de
735 3484 858 3566 Sigillo
875 3487 1052 3550 successit.

500 3685 508 3715 ¹
530 3689 690 3753 Wiilelma]
727 3705 764 3742 sc.
792 3693 925 3754 Henrioo;
952 3709 992 3743 ers
1005 3709 1122 3756 compare
1134 3693 1303 3754 Maimsbury,
1314 3709 1340 3755 p.
1353 3697 1414 3745 749.

464 3757 555 3819 Henry
571 3759 600 3808 of
617 3760 697 3821 Biois,
713 3761 814 3810 brother
830 3762 859 3810 os
872 3763 927 3811 Ste·
987 3758 1172 3836 termera]
1185 3763 1305 3812 Malmsb.
1317 3779 1344 3825 p.
1354 3769 1413 3814 ⁷53.

463 3827 539 3886 phen.
584 3829 638 3877 The
656 3833 733 3878 terma
749 3845 817 3880 were
833 3831 926 3892 agreed
985 3828 1193 3894 ⁴Waternnnus.]
1206 3831 1313 3881 Brother
1323 3833 1417 3882 oiRo-

463 3909 532 3956 upon
537 3896 571 3957 by
577 3898 620 3946 the
627 3897 721 3961 legate,
728 3899 818 3960 bishop
826 3900 876 3948 and
883 3900 925 3948 the
950 3901 1006 3950 bert
1014 3901 1046 3949 de
1058 3902 1176 3951 Meulaut
1183 3899 1279 3961 spoken
1286 3902 1315 3951 of
1323 3903 1414 3952 abore.

463 3979 585 4027 empress,
603 3967 630 4014 in
647 3980 664 4014 a
683 3968 753 4027 plain
775 3983 836 4017 near
853 3970 925 4016 Win·
986 3967 1166 4019 ‘Robertuade
1178 3969 1291 4032 Sicilia]
1308 3971 1335 4020 S.
1348 3971 1414 4020 Ber-

463 4033 569 4096 chester,
604 4050 637 4083 on
672 4036 715 4086 the
743 4038 793 4086 2nd
826 4037 925 4088 March.
950 4039 1013 4088 nard
1031 4040 1124 4100 speaks
1134 4039 1164 4088 of
1171 4039 1416 4100 himas‘antiquus

463 4101 586 4152 Malmsb.
599 4119 626 4164 p.
639 4107 696 4153 tta.
950 4109 1058 4170 amicus,
1079 4109 1162 4158 tidelis
1189 4121 1287 4169 servus,
1306 4108 1416 4159 devotus

496 4168 540 4220 ’A
559 4172 765 4223 Londoaienaihua
785 4179 896 4238 expulsa.
912 4177 924 4240 ]
951 4173 1308 4240 filius;’0pp.Paris.169⁰;
1322 4182 1383 4228 torn.
1397 4179 1417 4230 i.

461 4237 536 4300 Upon
545 4241 587 4290 the
599 4242 709 4292 conduct
719 4243 748 4293 of
756 4245 798 4293 the
810 4245 926 4296 London·
951 4260 977 4306 p.
990 4249 1048 4297 197.
