3178 5194
423 483 490 548 4³⁰
683 498 819 546 nocnnr
845 498 892 544 nn
917 497 1123 546 wssnovnn

261 673 317 714 w·
328 674 386 714 ¹¹⁸
424 657 505 724 liter
518 658 675 740 gladium
690 656 828 722 vibrare
848 655 1053 734 dedisceret,
1073 655 1147 721 dies
1169 657 1231 721 illa
1249 656 1381 720 laetitiae

424 759 529 842 plena
544 765 582 822 et
596 756 815 842 jocunditate
839 756 1015 839 triumpho
1033 755 1164 821 Christi
1184 755 1331 840 praefixa
1346 763 1381 819 te

424 856 587 923 docebit.'

424 1015 428 1021 ⁸
446 1027 645 1116 Raetptmn
661 1028 835 1096 manao
851 1029 898 1094 ad
910 1030 1118 1096 Frcdoicum
1133 1029 1361 1116 imperatorem,

259 1166 383 1207 aanor«
475 1160 486 1190 ‘
499 1147 575 1218 11Ιίι
592 1154 667 1235 regi
680 1152 829 1230 sincero,
841 1153 966 1232 amico,
981 1173 1121 1236 magno,
1137 1155 1279 1219 excelso
1295 1155 1382 1219 Fre-

259 1215 354 1256 flalrdtn.

425 1253 553 1331 dericu,
571 1255 646 1335 regi
663 1252 894 1330 Alamanniae,
910 1254 948 1317 in
970 1255 1108 1318 nomine
1127 1255 1195 1318 Dei
1215 1255 1380 1320 miseren·

423 1353 482 1431 tis,
495 1373 558 1436 per
570 1352 719 1435 gratiam
734 1352 804 1417 Dei
814 1353 931 1430 nnius,
945 1353 1110 1436 potentis,
1123 1355 1380 1436 exsuperantia,

423 1452 578 1530 victoria,
594 1451 768 1534 perennis,
786 1451 887 1535 cnjus
904 1472 974 1516 non
990 1459 1045 1516 est
1058 1453 1148 1516 linis.
1187 1452 1331 1518 Gratias
1348 1455 1381 1517 ei

423 1551 559 1634 agimus
580 1570 762 1633 perennes,
779 1551 880 1634 cujus
902 1551 1020 1633 gratia
1040 1559 1094 1615 est
1115 1571 1222 1634 snper
1243 1572 1380 1616 omnem

424 1649 602 1728 mundum,
627 1650 855 1734 deprecamur
877 1670 968 1728 enm,
995 1657 1035 1715 ut
1060 1649 1225 1715 infundat
1248 1653 1380 1716 oratio-

424 1770 503 1814 nem
525 1768 625 1813 snam
642 1769 748 1833 snper
768 1749 956 1832 prophetas
978 1769 1074 1828 snos,
1096 1757 1132 1813 et
1149 1752 1304 1814 maxime
1322 1770 1381 1814 su-

426 1869 488 1931 per
506 1848 753 1913 instructorem
773 1855 931 1912 nostrum
951 1849 1113 1912 nuntium
1132 1867 1235 1912 sunm
1254 1849 1381 1913 Mahn-

427 1953 498 2012 met
511 1947 730 2030 prophetam,
743 1967 845 2029 qnem
859 1948 955 2012 misit
971 1967 1035 2030 pro
1048 1949 1262 2012 correctione
1276 1957 1381 2013 rectae

426 2047 526 2128 legis,
543 2066 650 2129 qnam
670 2046 777 2111 saciet
797 2065 966 2129 apparere
984 2065 1090 2130 snper
1108 2054 1253 2112 cunctas
1274 2047 1379 2131 leges.

426 2145 563 2210 ,Notum
590 2146 736 2213 facimus
770 2145 845 2228 regi
879 2145 1025 2223 sincero,
1058 2147 1206 2229 potenti,
1240 2166 1380 2229 magno,

426 2246 552 2323 amico,
565 2245 738 2310 amicabili
749 2245 825 2326 regi
839 2243 1069 2323 Alamanniae,
1078 2244 1173 2327 qnod
1189 2245 1292 2310 homo
1305 2249 1379 2329 qui·

427 2344 520 2423 dam,
531 2344 707 2409 Henricus
718 2345 868 2420 nomine,
879 2345 975 2409 venit
988 2343 1032 2408 ad
1046 2363 1110 2408 nos
1121 2344 1239 2408 dicens
1252 2364 1290 2409 se
1305 2365 1381 2410 esse

426 2446 586 2508 nuntium
600 2450 766 2521 vestrum,
782 2450 818 2507 et
834 2442 961 2508 detulit
977 2445 1077 2507 nobis
1091 2445 1264 2525 quandam
1279 2445 1380 2509 char·

425 2548 509 2619 tam,
528 2561 632 2625 qnam
654 2542 744 2606 dixit
765 2561 841 2606 esse
859 2550 1035 2622 vestram3
1060 2561 1123 2606 nos
1146 2542 1215 2624 legi
1235 2543 1380 2608 fecimus

423 2641 592 2717 chartam,
609 2647 645 2704 et
661 2640 857 2704 andivimus
873 2660 951 2704 eum
969 2642 1052 2706 viva
1067 2660 1151 2706 voce
1167 2642 1379 2723 loquentem,

423 2745 459 2803 et
477 2739 604 2815 verbis,
622 2757 702 2820 quae
724 2758 783 2802 cre
805 2739 907 2816 dixit,
927 2740 1043 2803 verbis
1066 2740 1318 2821 respondimus
1342 2749 1379 2807 et

422 2837 488 2902 hoc
508 2844 562 2901 est
582 2855 786 2920 responsum
803 2837 944 2902 chartae.
986 2837 1090 2916 Quod
1107 2839 1137 2901 si
1151 2841 1378 2921 computatiS,

422 2938 482 3020 qui
501 2936 680 3001 vobiscum
700 2935 913 3001 concordant
934 2936 1095 3001 veniendi
1116 2955 1221 3019 super
1244 2957 1322 3016 nos,
1344 2948 1380 3005 et

422 3037 624 3114 nominatis,
640 3042 676 3099 et
690 3035 818 3111 dicitis,
841 3056 903 3099 rex
919 3037 1001 3102 talis
1019 3044 1135 3116 terrae,
1152 3044 1190 3101 et
1205 3057 1267 3101 rex
1291 3039 1379 3102 alte-

423 3136 495 3200 rius
518 3143 634 3212 terrae,
654 3141 690 3199 et
714 3153 830 3199 comcs
852 3135 946 3214 talis,
967 3144 1002 3200 et
1026 3137 1125 3216 tales,
1149 3143 1185 3201 et
1206 3137 1295 3200 tales
1322 3156 1379 3201 ar-

423 3235 634 3318 chiepiscopi
651 3241 687 3299 et
708 3234 924 3299 marchiones
946 3241 982 3299 et
1004 3236 1154 3315 milites3
1177 3237 1238 3300 sed
1261 3237 1291 3312 si
1313 3258 1377 3302 nos

423 3335 592 3400 vellemus
609 3333 826 3398 dinumerare
845 3352 918 3411 eos,
936 3334 997 3417 qui
1014 3334 1148 3399 suntin
1168 3343 1288 3400 nostro
1305 3356 1377 3401 ser-

361 3497 364 3504 .
424 3435 523 3512 vitio,
540 3434 653 3516 etqui
673 3439 755 3497 sunt
775 3433 993 3498 intendentes
1011 3442 1130 3499 nostru
1150 3443 1325 3518 praecepto
1341 3445 1376 3500 et

423 3533 576 3616 prompti
593 3539 713 3598 nostro
733 3534 895 3611 sermoni,
910 3540 947 3598 et
961 3534 1022 3616 qni
1037 3533 1244 3598 dimicarent
1258 3549 1376 3599 coram

424 3633 554 3697 nostris
568 3632 741 3708 manibus,
759 3652 829 3696 non
847 3639 991 3715 possent
1011 3633 1068 3697 hic
1087 3635 1123 3696 in
1141 3634 1309 3717 scriptum
1326 3654 1376 3698 re·

422 3733 525 3814 digi,
557 3739 594 3795 et
624 3731 657 3794 si
680 3730 957 3820 §hristiancrum
983 3733 1195 3814 computatis
1224 3733 1376 3812 nomina,

424 3831 677 3896 Saracenarum
699 3838 784 3894 sunt
805 3831 908 3915 plura
930 3838 966 3894 et
991 3833 1246 3896 abundantiora
1272 3852 1375 3915 qnam

425 3930 713 3997 Christianorum.
747 3929 795 3994 Et
806 3931 839 3993 si
852 3931 1021 3995 intervos
1038 3936 1074 3994 et
1088 3951 1148 3995 ecs
1164 3951 1253 4013 quus
1268 3933 1374 3996 nomi-

425 4031 535 4095 nastis
557 4027 776 4095 Christianus
792 4049 889 4094 mare
904 4038 971 4107 est,
987 4031 1079 4095 inter
1094 4029 1299 4108 Saracenos,
1317 4031 1376 4114 qui

460 4197 469 4232 ¹
484 4201 528 4250 lat
538 4199 620 4263 rega]
635 4199 699 4250 Νι
712 4199 789 4250 hm
797 4213 889 4249 m
911 4215 939 4261 p.
952 4202 1025 4260 11⁵7,
1034 4199 1062 4246 in
1073 4198 1244 4262 Gaggeshnle,
1254 4199 1303 4250 ccl.
1320 4204 1376 4262 5⁷9,

424 4271 451 4319 iu
458 4265 889 4332 the‘llinffllfmsdyfflm'
911 4269 962 4320 nd
971 4268 1118 4319 cherum
