3104 5186
405 534 544 582 riorus
567 535 838 586 simoninus.
1038 525 1104 592 1oe

146 709 244 771 pans,
254 701 316 756 aut
324 693 458 758 intrare
467 696 627 760 volentes
640 695 766 778 gladiis
776 697 976 776 obtruncat,
986 707 1049 766 aut
1064 701 1100 764 in
1114 719 1170 762 en.
1183 723 1237 762 tm

145 790 316 874 principos
336 793 419 858 illos
439 796 662 878 insequentes
681 795 794 860 redire
815 797 988 880 perituros
1004 817 1099 864 com·
1112 769 1266 866 dm.

145 889 260 972 pellit;
286 893 340 956 sic
355 913 443 976 ergo
457 914 538 958 cum
554 913 618 960 noc
633 895 689 959 bic
711 913 775 960 uec
797 895 881 960 alibi
902 897 1098 980 principum

144 988 304 1071 impetus,
326 1011 501 1057 armorum
523 995 741 1073 instantiam,
755 994 916 1078 ictusque
933 997 1100 1078 importe-

145 1087 228 1153 biles
253 1091 430 1156 sustinere
451 1093 584 1158 diutius
609 1095 776 1172 valerent,
807 1093 933 1158 salutis
958 1095 1098 1162 unicum

142 1191 330 1254 remedium
344 1191 432 1272 fuga
446 1200 535 1271 erat,
551 1213 621 1276 quo
636 1193 795 1259 frustrum
815 1192 956 1276 ponitus
972 1193 1099 1276 gladiis

143 1290 270 1367 possim
294 1291 480 1356 ceduntur
508 1299 545 1356 et
575 1300 733 1376 pereunt.
784 1290 950 1357 Asianus
981 1300 1098 1360 autom

143 1389 307 1470 populum
339 1410 442 1454 suum
473 1392 611 1474 penitus
641 1391 786 1456 deiicere
821 1390 943 1456 videus
978 1401 1098 1475 portas

144 1488 299 1570 precipit
329 1490 397 1553 sub
426 1491 519 1554 omni
549 1490 727 1555 celeritate
753 1487 891 1574 aperiri,
915 1498 1097 1558 uteorum

144 1585 263 1651 saltem
284 1587 454 1671 reliquias
474 1591 541 1653 sub
567 1597 644 1654 tuto
671 1591 887 1672 permitteret
911 1589 1096 1672 collocari;

143 1695 295 1752 reserato
319 1688 430 1770 igitur
452 1689 562 1768 aditu,
584 1695 686 1754 tantu
711 1708 817 1772 super
841 1697 983 1772 pontem
1005 1689 1096 1774 fugi-

143 1785 269 1850 entium
297 1787 511 1869 conglobata
541 1796 596 1853 est
621 1789 737 1865 turba,
768 1793 956 1871 tantusque
981 1787 1095 1855 fectus

144 1886 324 1964 tumultus,
340 1895 382 1950 ut
396 1907 434 1950 sc
448 1888 597 1953 invicem
617 1888 883 1970 comprimentes
898 1887 933 1950 in
950 1885 1095 1953 fluvium

144 1985 418 2067 precipitaretur
442 2005 560 2051 eorum
590 2005 757 2050 numerus
788 1986 956 2050 infinitus.
1008 1986 1093 2052 Dux

144 2075 277 2167 quoque
302 2083 527 2164 Godesridus,
552 2092 739 2169 postquam
766 2085 803 2150 in
834 2084 902 2150 boc
930 2083 1093 2151 conflictu

143 2182 327 2247 multorum
350 2186 468 2267 capita
493 2185 715 2250 loricatorum
745 2185 820 2249 sine
849 2184 940 2249 ictus
966 2185 1094 2267 repeti·

144 2281 232 2346 tione
248 2283 357 2347 solita
371 2283 481 2348 fultus
498 2286 627 2349 virtute
644 2290 900 2368 amputaverat,
922 2301 1029 2348 unum
1048 2304 1093 2350 ex

144 2379 264 2446 'loreis
300 2383 337 2446 in
377 2391 516 2449 nostros
552 2384 749 2466 protervius
778 2384 979 2460 instantem,
1011 2382 1094 2448 licet

143 2478 246 2545 lorica
264 2480 440 2560 indutum,
462 2503 524 2566 per
545 2483 694 2546 medium
717 2501 796 2546 cum
819 2481 937 2563 gladio
960 2480 1091 2560 divisit,

141 2578 189 2643 ita
202 2588 243 2645 ut
259 2600 344 2663 pars
361 2583 405 2645 ab
422 2583 584 2648 umbilico
601 2581 760 2665 superior
784 2581 827 2646 ad
846 2587 973 2645 terram
989 2581 1091 2646 cude-

141 2687 202 2756 ret,
232 2680 370 2764 reliqua
394 2689 495 2764 parto
518 2700 623 2765 super
652 2701 792 2764 equum,
816 2680 872 2744 cui
905 2679 1091 2760 insederat,

141 2777 229 2842 intra
250 2781 370 2844 urbem
385 2800 490 2845 cursu
511 2781 633 2864 rapido
654 2781 873 2858 introducta;
901 2797 1011 2862 equus
1029 2799 1090 2844 au·

142 2883 207 2942 tem
230 2878 420 2944 hinniendo
448 2881 539 2945 inter
560 2880 695 2944 'furcos
716 2879 784 2944 huc
805 2878 970 2961 illucque,
993 2896 1034 2942 ac
1059 2879 1089 2944 si

140 2976 309 3043 diabolica
322 2986 415 3043 esset
430 2980 589 3045 invectus
604 2980 706 3058 iuria,
718 2979 927 3056 discurrens,
944 2978 1090 3042 sessoris

141 3095 263 3160 corpus
282 3080 328 3142 ab
348 3079 511 3144 umbilico
535 3078 696 3144 deorsum
725 3097 861 3160 gerens,
890 3077 1089 3158 omnesqui

141 3175 300 3242 viderunt
313 3177 408 3242 illius
423 3179 473 3242 roi
489 3179 676 3262 perterruit
690 3179 857 3243 novitate.
884 3175 970 3240 Dux
986 3175 1090 3240 etiam

141 3273 174 3337 N
175 3295 422 3342 ermannorum
446 3277 635 3356 Robertus,
655 3275 762 3342 alium
785 3276 851 3340 sibi
868 3275 969 3339 nimis
985 3273 1090 3338 inses-

139 3382 208 3439 tum
234 3377 272 3441 in
301 3377 417 3460 capite
445 3379 653 3461 percutiens,
683 3375 820 3460 galeam
850 3382 887 3439 et
916 3373 1089 3457 clypeum,

139 3483 254 3557 caput,
269 3477 395 3546 ‚dentes
418 3483 455 3540 et
476 3477 614 3554 collum,
640 3483 681 3544 ut
705 3475 796 3539 solet
818 3473 956 3538 ovicula
976 3491 997 3536 a
1014 3490 1089 3535 car·

139 3561 249 3654 nifice,
273 3595 385 3658 usque
415 3576 450 3638 in
484 3584 607 3659 pectus
641 3575 801 3640 deorsum
834 3570 982 3650 diffidit3
1019 3590 1089 3654 quo

138 3684 259 3739 ruente
280 3676 317 3738 in
342 3682 483 3754 terram,
506 3677 557 3740 ait
579 3675 768 3751 Robertus,
798 3670 990 3736 ‘Omnibus
1019 3677 1090 3734 tar·

139 3775 242 3838 tureis
273 3775 440 3840 ministris
474 3776 624 3839 animam
654 3780 750 3840 tuam
781 3778 958 3835 cruentam
996 3789 1090 3834 com·

139 3873 283 3939 mendo?
335 3873 544 3940 Ceciderunt
560 3892 698 3957 quoque
715 3870 778 3935 illa
794 3871 849 3935 die
866 3890 912 3935 ex
931 3869 1088 3933 hostibus

139 3974 236 4053 quasi
252 3974 296 4039 ad
307 3974 378 4039 duo
392 3974 503 4038 millia
518 3974 725 4049 Τιιιοοιιιιιι,
736 3978 783 4047 et,
798 3970 865 4034 nisi
879 3988 951 4034 nox
967 3987 1088 4051 super-

140 4074 277 4137 veniens
297 4073 427 4138 bellum
447 4073 697 4156 dirempsisset,
720 4069 823 4134 finem
840 4068 961 4152 procul
984 4066 1088 4132 dubio

139 4169 197 4234 illa
213 4174 269 4237 die
283 4172 541 4238 Antiochenum
559 4172 737 4255 negotium
752 4169 942 4238 habuisset.
985 4166 1088 4231 Gom·

141 4280 270 4350 pertum
290 4280 345 4338 est
362 4272 510 4338 fideliter
532 4292 553 4337 a
577 4271 705 4338 nostris
728 4289 790 4354 per
816 4267 974 4351 captivos
998 4265 1088 4331 Tur·
