3138 5184
435 571 499 634 172
691 587 825 634 aoonur
852 585 898 632 nn
922 585 1129 638 wunnovnn

438 815 527 895 Quod
540 815 714 893 Amulium,
735 816 970 879 Cantaurianos
989 813 1391 900 archiepiscopus,liomom

545 913 757 1000 profectori
718 937 740 978 o
759 913 840 978 dotes
854 914 1037 1000 depredatos
1051 935 1150 977 mcum
1166 913 1267 978 duait.

272 1062 328 1101 an
341 1062 396 1100 nor.
485 1038 590 1103 Anno
616 1039 758 1103 Domini
780 1053 887 1100 mour.
911 1036 1111 1112 Anselmus,
1128 1036 1393 1101 cantuariensis

273 1109 380 1200 iiiiii·
436 1137 727 1220 archiepiscopus,
753 1145 832 1220 post
859 1137 986 1200 multas
1011 1135 1252 1199 tribulationes
1277 1137 1348 1199 et'
1338 1157 1393 1199 rn-

275 1211 342 1250 ⁸⁰¹⁸
330 1221 349 1251 '
431 1237 557 1320 jurias,
585 1256 673 1319 quas
697 1255 719 1300 a
745 1256 827 1318 rege
857 1254 1042 1318 perpessus
1071 1235 1196 1312 fuerat,
1221 1228 1391 1299 ¹Bomam

437 1336 601 1418 perrexit,
616 1336 707 1399 sicut
720 1336 946 1417 interipsum
968 1340 1004 1398 et
1026 1353 1142 1415 regem
1167 1341 1391 1410 convenerat,

436 1435 565 1498 ducens
579 1453 693 1498 secum
710 1434 919 1516 degradatos
941 1434 1085 1497 abbates
1107 1441 1142 1498 et
1159 1433 1391 1510 Willclmum;

436 1534 714 1598 Wintoniensem
733 1533 901 1612 electum3
929 1552 999 1615 quo
1015 1532 1164 1596 Romam
1179 1533 1353 1609 veniente,
1369 1552 1393 1595 a

437 1651 529 1716 papa
546 1632 708 1695 Paschali
724 1639 906 1714 susceptus
923 1638 976 1695 cst
990 1639 1198 1696 reverenter.
1240 1631 1392 1708 Dehinc,

436 1732 493 1795 die
520 1729 584 1814 pro
610 1730 714 1812 regiis
741 1733 932 1796 constituto
955 1731 1117 1813 negotiis,
1133 1729 1330 1795 Willelmus
1346 1730 1391 1793 de

437 1823 650 1908 Wareuast,²
660 1829 805 1895 clericus
819 1838 855 1894 et
868 1837 1072 1913 procurator
1082 1831 1174 1911 regis
1186 1828 1392 1911 Anglornm,

437 1949 578 1994 causam
594 1930 704 2012 ipsius
719 1930 755 1992 in
771 1929 920 1993 medium
939 1928 1031 2005 tulit,
1048 1949 1089 1992 oc
1112 1931 1204 1993 inter
1220 1929 1291 1993 alia
1307 1947 1392 1992 con-

437 2036 570 2094 stanter
583 2029 761 2111 allegavit,
778 2029 869 2112 quod
896 2047 959 2092 nec
980 2028 1056 2110 ipse
1078 2049 1141 2111 pro
1163 2029 1262 2110 regni
1283 2029 1392 2090 amis·

437 2129 534 2192 sione
555 2129 779 2193 investituras
802 2127 1025 2191 ecclesiarum
1049 2125 1209 2192 amittere
1233 2127 1329 2204 velit,
1353 2135 1391 2195 et

438 2228 503 2292 hoc
520 2229 633 2291 verbis
650 2227 842 2291 minacibus
858 2227 1064 2291 adfirmavit.
1111 2226 1166 2292 Ad
1184 2227 1258 2290 haec
1275 2246 1390 2308 papa3

438 2326 513 2404 ‘Si,
533 2326 821 2409 quemadmodum
833 2325 933 2402 dicis,
947 2345 1008 2389 rex
1027 2333 1110 2390 tuus
1126 2345 1188 2390 nec
1206 2346 1268 2408 pro
1290 2327 1390 2406 regni

438 2426 622 2490 amissione
640 2424 846 2488 donationes
871 2424 1093 2491 ecclesiarum
1117 2426 1274 2489 amittere
1290 2432 1391 2507 pate-

438 2531 544 2600 retur,
570 2525 661 2588 scias
689 2524 844 2606 praecise,
870 2543 985 2589 coram
1010 2524 1086 2589 Deo
1108 2525 1197 2602 dico,
1222 2525 1303 2607 quia
1326 2543 1391 2588 nec

438 2643 501 2706 pro
515 2624 582 2687 mei
598 2623 722 2706 capitis
741 2624 975 2705 redemptione
998 2644 1057 2688 eas
1074 2625 1125 2688 illi
1147 2625 1287 2707 impuno
1310 2644 1389 2706 per-

439 2724 608 2788 mitterem
630 2724 810 2788 obtinere.'
857 2722 900 2787 In
931 2723 985 2787 his
1016 2743 1100 2805 ergo
1130 2725 1222 2805 regis
1247 2724 1389 2804 negotio

438 2821 635 2900 terminato,
646 2822 834 2888 Anselmus
847 2822 1125 2904 archiepiscopus
1138 2843 1201 2906 pro
1216 2823 1388 2905 episcopis

438 2930 473 2986 et
495 2923 678 2986 abbatibus
701 2920 900 3002 degradatis
924 2921 1033 2984 multa
1056 2941 1195 3004 precum
1221 2923 1390 2986 instantia

437 3020 612 3083 dominum
635 3039 761 3102 papam
779 3039 904 3100 rogare
926 3020 1044 3102 coepit,
1068 3028 1107 3084 ut
1129 3041 1207 3085 oum
1230 3020 1297 3084 illis
1323 3021 1387 3085 mi·

438 3119 656 3182 sericorditer
679 3119 905 3201 dispensaret,
934 3127 974 3183 ut
1001 3128 1144 3202 possent
1166 3121 1310 3184 amissas
1333 3120 1390 3184 re'·

437 3218 550 3299 cipere
577 3218 777 3300 dignitates
845 3217 945 3283 Tunc
977 3219 1076 3283 sedes
1108 3219 1388 3294 clementissima,

437 3337 517 3399 quae
539 3317 624 3381 nulli
649 3318 768 3381 deesse
793 3319 986 3395 consuevit,
1012 3316 1198 3383 dummodo
1225 3318 1294 3382 albi
1325 3318 1390 3382 ali*-

438 3416 520 3499 quid
539 3417 594 3481 vel
620 3418 717 3480 rubei
738 3417 942 3494 intercedat,
966 3419 1185 3501 praescriptos
1207 3416 1390 3500 pontifices

438 3523 474 3578 et
489 3517 632 3580 abbatos
654 3516 698 3579 ad
721 3516 887 3598 pristinas
912 3517 1100 3598 dignitates
1122 3516 1391 3581 misericorditer

438 3616 615 3680 revocavit
637 3622 771 3678 etcum
803 3614 930 3696 gaudio
955 3616 999 3679 ad
1024 3617 1182 3698 proprias
1210 3616 1308 3680 sedes
1335 3635 1390 3680 ress

437 3715 542 3778 misit.
588 3713 719 3777 Eodem
746 3733 836 3777 anno
862 3713 1050 3793 RobertuS,
1068 3716 1141 3779 dux
1167 3714 1390 3779 Normannc·

437 3833 525 3889 rum,
556 3832 662 3876 causa
695 3812 812 3876 fratris
844 3814 898 3876 sui
934 3821 970 3878 et
1002 3815 1093 3896 regis
1126 3815 1291 3890 versutia,
1321 3816 1391 3878 tria

438 3911 546 3975 millia
559 3930 694 3975 marcas
709 3913 858 3992 argenti,
876 3932 964 3995 quas
981 3934 1042 3978 rex
1059 3914 1110 3976 illi
1124 3914 1271 3995 singulis
1289 3915 1392 3976 annis

438 4010 644 4088 reddiderat,
662 4011 884 4075 condonavit.

436 4306 459 4354 Α
472 4233 727 4355 Ἰῗωηὲἷηιιενιεπίῆ
740 4238 782 4288 On
788 4238 829 4287 the
838 4238 898 4287 nuth
962 4235 1134 4302 ²Woreauot.]
1151 4235 1329 4302 ‘Warewast,’
1343 4242 1375 4290 G.

461 4322 499 4367 prr
520 4323 527 4366 ;
574 4322 611 4356 or.
