<?xml version="1.0" encoding="UTF-8"?>
<!DOCTYPE html PUBLIC "-//W3C//DTD XHTML 1.0 Transitional//EN"
    "http://www.w3.org/TR/xhtml1/DTD/xhtml1-transitional.dtd">
<html xmlns="http://www.w3.org/1999/xhtml" xml:lang="en" lang="en">
 <head>
  <title>
</title>
<meta http-equiv="Content-Type" content="text/html;charset=utf-8" />
  <meta name='ocr-system' content='tesseract 3.04.00' />
  <meta name='ocr-capabilities' content='ocr_page ocr_carea ocr_par ocr_line ocrx_word'/>
</head>
<body>
  <div class='ocr_page' id='page_1' title='image "./rogeridewendove07rogegoog_0184.png"; bbox 0 0 3138 5184; ppageno 0'>
   <div class='ocr_carea' id='block_1_1' title="bbox 387 577 1080 641">
    <p class='ocr_par' dir='ltr' id='par_1_1' title="bbox 387 577 1080 641">
     <span class='ocr_line' id='line_1_1' title="bbox 387 577 1080 641; baseline 0.001 -1"><span class='ocrx_word' id='word_1_1' title='bbox 387 592 526 640; x_wconf 82' lang='lat' dir='ltr'><strong>anonas</strong></span> <span class='ocrx_word' id='word_1_2' title='bbox 550 592 820 640; x_wconf 75' lang='lat' dir='ltr'><strong>nrsromsnuu.</strong></span> <span class='ocrx_word' id='word_1_3' title='bbox 1016 577 1080 641; x_wconf 82' lang='lat'><strong>177</strong></span> 
     </span>
    </p>
   </div>
   <div class='ocr_carea' id='block_1_2' title="bbox 28 748 1212 2615">
    <p class='ocr_par' dir='ltr' id='par_1_2' title="bbox 28 748 1212 2615">
     <span class='ocr_line' id='line_1_2' title="bbox 139 748 1212 831; baseline -0.004 -22"><span class='ocrx_word' id='word_1_4' title='bbox 139 748 256 810; x_wconf 87' lang='lat' dir='ltr'><strong>virtute</strong></span> <span class='ocrx_word' id='word_1_5' title='bbox 279 769 504 831; x_wconf 78' lang='lat' dir='ltr'>praesumens,</span> <span class='ocrx_word' id='word_1_6' title='bbox 523 749 583 812; x_wconf 85' lang='lat' dir='ltr'><strong>vix</strong></span> <span class='ocrx_word' id='word_1_7' title='bbox 608 749 776 813; x_wconf 87' lang='lat' dir='ltr'><strong>ducentos</strong></span> <span class='ocrx_word' id='word_1_8' title='bbox 804 767 920 813; x_wconf 87' lang='lat' dir='ltr'><strong>secum</strong></span> <span class='ocrx_word' id='word_1_9' title='bbox 946 749 1075 814; x_wconf 89' lang='lat' dir='ltr'><strong>habens</strong></span> <span class='ocrx_word' id='word_1_10' title='bbox 1090 767 1212 808; x_wconf 58' lang='lat' dir='ltr'><strong>auaro.</strong></span> 
     </span>
     <span class='ocr_line' id='line_1_3' title="bbox 139 847 1074 930; baseline 0.006 -22"><span class='ocrx_word' id='word_1_11' title='bbox 139 847 272 927; x_wconf 65' lang='lat' dir='ltr'><strong>equites</strong></span> <span class='ocrx_word' id='word_1_12' title='bbox 299 856 422 912; x_wconf 90' lang='lat' dir='ltr'><strong>contra</strong></span> <span class='ocrx_word' id='word_1_13' title='bbox 447 848 564 912; x_wconf 87' lang='lat' dir='ltr'><strong>hostes</strong></span> <span class='ocrx_word' id='word_1_14' title='bbox 591 849 762 930; x_wconf 90' lang='lat' dir='ltr'><strong>prorupit,</strong></span> <span class='ocrx_word' id='word_1_15' title='bbox 788 847 848 912; x_wconf 86' lang='lat' dir='ltr'><strong>sed</strong></span> <span class='ocrx_word' id='word_1_16' title='bbox 878 856 1074 914; x_wconf 89' lang='lat' dir='ltr'><strong>nostrorum</strong></span> 
     </span>
     <span class='ocr_line' id='line_1_4' title="bbox 137 946 1073 1032; baseline 0.007 -26"><span class='ocrx_word' id='word_1_17' title='bbox 137 946 283 1024; x_wconf 83' lang='lat' dir='ltr'><strong>paucitas</strong></span> <span class='ocrx_word' id='word_1_18' title='bbox 306 967 329 1011; x_wconf 89' lang='lat' dir='ltr'><strong>a</strong></span> <span class='ocrx_word' id='word_1_19' title='bbox 353 955 453 1012; x_wconf 86' lang='lat' dir='ltr'><strong>tanta</strong></span> <span class='ocrx_word' id='word_1_20' title='bbox 478 947 667 1011; x_wconf 90' lang='lat' dir='ltr'><strong>infidelium</strong></span> <span class='ocrx_word' id='word_1_21' title='bbox 687 947 908 1012; x_wconf 90' lang='lat' dir='ltr'><strong>multitudine</strong></span> <span class='ocrx_word' id='word_1_22' title='bbox 931 967 1073 1032; x_wconf 85' lang='lat' dir='ltr'><strong>oppres·</strong></span> 
     </span>
     <span class='ocr_line' id='line_1_5' title="bbox 137 1045 1074 1130; baseline 0.007 -25"><span class='ocrx_word' id='word_1_23' title='bbox 137 1063 180 1119; x_wconf 89' lang='lat' dir='ltr'><strong>sa,</strong></span> <span class='ocrx_word' id='word_1_24' title='bbox 196 1047 293 1110; x_wconf 88' lang='lat' dir='ltr'><strong>caesis</strong></span> <span class='ocrx_word' id='word_1_25' title='bbox 314 1046 484 1129; x_wconf 89' lang='lat' dir='ltr'><strong>pluribus,</strong></span> <span class='ocrx_word' id='word_1_26' title='bbox 505 1047 543 1109; x_wconf 94' lang='lat' dir='ltr'><strong>in</strong></span> <span class='ocrx_word' id='word_1_27' title='bbox 566 1045 685 1127; x_wconf 85' lang='lat' dir='ltr'><strong>sugam</strong></span> <span class='ocrx_word' id='word_1_28' title='bbox 709 1053 763 1110; x_wconf 90' lang='lat' dir='ltr'><strong>est</strong></span> <span class='ocrx_word' id='word_1_29' title='bbox 788 1047 986 1128; x_wconf 90' lang='lat' dir='ltr'><strong>compulsa;</strong></span> <span class='ocrx_word' id='word_1_30' title='bbox 1014 1049 1074 1130; x_wconf 92' lang='lat' dir='ltr'><strong>qui</strong></span> 
     </span>
     <span class='ocr_line' id='line_1_6' title="bbox 138 1145 1075 1229; baseline 0.006 -25"><span class='ocrx_word' id='word_1_31' title='bbox 138 1149 239 1206; x_wconf 86' lang='lat' dir='ltr'><strong>autem</strong></span> <span class='ocrx_word' id='word_1_32' title='bbox 257 1145 406 1209; x_wconf 88' lang='lat' dir='ltr'><strong>evadere</strong></span> <span class='ocrx_word' id='word_1_33' title='bbox 421 1152 621 1229; x_wconf 89' lang='lat' dir='ltr'><strong>potuerunt,</strong></span> <span class='ocrx_word' id='word_1_34' title='bbox 641 1146 687 1208; x_wconf 91' lang='lat' dir='ltr'><strong>ad</strong></span> <span class='ocrx_word' id='word_1_35' title='bbox 706 1145 890 1209; x_wconf 80' lang='lat' dir='ltr'><strong>Romulum</strong></span> <span class='ocrx_word' id='word_1_36' title='bbox 909 1147 1075 1228; x_wconf 91' lang='lat' dir='ltr'><strong>oppidum</strong></span> 
     </span>
     <span class='ocr_line' id='line_1_7' title="bbox 137 1242 1073 1328; baseline 0.004 -24"><span class='ocrx_word' id='word_1_37' title='bbox 137 1242 376 1325; x_wconf 84' lang='lat' dir='ltr'><strong>confugerunt3</strong></span> <span class='ocrx_word' id='word_1_38' title='bbox 412 1244 611 1308; x_wconf 88' lang='lat' dir='ltr'><strong>ceciderunt</strong></span> <span class='ocrx_word' id='word_1_39' title='bbox 632 1243 759 1308; x_wconf 85' lang='lat' dir='ltr'>ibidem</span> <span class='ocrx_word' id='word_1_40' title='bbox 787 1251 933 1328; x_wconf 89' lang='lat' dir='ltr'><strong>uterquc</strong></span> <span class='ocrx_word' id='word_1_41' title='bbox 958 1263 1073 1310; x_wconf 89' lang='lat' dir='ltr'><strong>comes</strong></span> 
     </span>
     <span class='ocr_line' id='line_1_8' title="bbox 137 1339 1073 1426; baseline 0.006 -24"><span class='ocrx_word' id='word_1_42' title='bbox 137 1339 333 1422; x_wconf 80' lang='lat' dir='ltr'><strong>Stephanus,</strong></span> <span class='ocrx_word' id='word_1_43' title='bbox 349 1345 409 1426; x_wconf 88' lang='lat' dir='ltr'><strong>qui</strong></span> <span class='ocrx_word' id='word_1_44' title='bbox 424 1362 535 1425; x_wconf 83' lang='lat' dir='ltr'>nuper</span> <span class='ocrx_word' id='word_1_45' title='bbox 556 1343 778 1418; x_wconf 88' lang='lat' dir='ltr'><strong>advenerant,</strong></span> <span class='ocrx_word' id='word_1_46' title='bbox 801 1350 837 1406; x_wconf 89' lang='lat' dir='ltr'><strong>et</strong></span> <span class='ocrx_word' id='word_1_47' title='bbox 859 1342 919 1406; x_wconf 89' lang='lat' dir='ltr'><strong>alii</strong></span> <span class='ocrx_word' id='word_1_48' title='bbox 941 1344 1073 1408; x_wconf 88' lang='lat' dir='ltr'><strong>nobiles</strong></span> 
     </span>
     <span class='ocr_line' id='line_1_9' title="bbox 136 1441 1074 1524; baseline 0.006 -24"><span class='ocrx_word' id='word_1_49' title='bbox 136 1441 237 1517; x_wconf 88' lang='lat' dir='ltr'><strong>multi,</strong></span> <span class='ocrx_word' id='word_1_50' title='bbox 254 1462 404 1524; x_wconf 89' lang='lat' dir='ltr'><strong>quorum</strong></span> <span class='ocrx_word' id='word_1_51' title='bbox 426 1442 567 1506; x_wconf 88' lang='lat' dir='ltr'><strong>nomina</strong></span> <span class='ocrx_word' id='word_1_52' title='bbox 589 1441 719 1523; x_wconf 89' lang='lat' dir='ltr'><strong>scripta</strong></span> <span class='ocrx_word' id='word_1_53' title='bbox 739 1441 912 1505; x_wconf 89' lang='lat' dir='ltr'><strong>hahentur</strong></span> <span class='ocrx_word' id='word_1_54' title='bbox 928 1442 966 1504; x_wconf 89' lang='lat' dir='ltr'><strong>in</strong></span> <span class='ocrx_word' id='word_1_55' title='bbox 984 1441 1074 1506; x_wconf 92' lang='lat' dir='ltr'><strong>libro</strong></span> 
     </span>
     <span class='ocr_line' id='line_1_10' title="bbox 28 1538 1072 1623; baseline 0.005 -24"><span class='ocrx_word' id='word_1_56' title='bbox 28 1545 29 1548; x_wconf 76' lang='grc'>’</span> <span class='ocrx_word' id='word_1_57' title='bbox 136 1538 214 1600; x_wconf 84' lang='lat' dir='ltr'><strong>vitae.</strong></span> <span class='ocrx_word' id='word_1_58' title='bbox 254 1541 338 1604; x_wconf 83' lang='lat' dir='ltr'><strong>Rex</strong></span> <span class='ocrx_word' id='word_1_59' title='bbox 361 1561 455 1618; x_wconf 84' lang='lat' dir='ltr'><strong>vero,</strong></span> <span class='ocrx_word' id='word_1_60' title='bbox 479 1541 562 1606; x_wconf 91' lang='lat' dir='ltr'><strong>licet</strong></span> <span class='ocrx_word' id='word_1_61' title='bbox 579 1541 622 1604; x_wconf 93' lang='lat' dir='ltr'><strong>de</strong></span> <span class='ocrx_word' id='word_1_62' title='bbox 647 1539 765 1623; x_wconf 86' lang='lat' dir='ltr'><strong>oppidi</strong></span> <span class='ocrx_word' id='word_1_63' title='bbox 790 1542 976 1605; x_wconf 83' lang='lat' dir='ltr'><strong>securitate</strong></span> <span class='ocrx_word' id='word_1_64' title='bbox 1003 1561 1072 1606; x_wconf 89' lang='lat' dir='ltr'><strong>non</strong></span> 
     </span>
     <span class='ocr_line' id='line_1_11' title="bbox 135 1639 1072 1722; baseline 0.006 -24"><span class='ocrx_word' id='word_1_65' title='bbox 135 1639 267 1702; x_wconf 88' lang='lat' dir='ltr'><strong>multum</strong></span> <span class='ocrx_word' id='word_1_66' title='bbox 284 1639 487 1715; x_wconf 87' lang='lat' dir='ltr'><strong>confideret,</strong></span> <span class='ocrx_word' id='word_1_67' title='bbox 505 1646 633 1716; x_wconf 90' lang='lat' dir='ltr'><strong>tamen,</strong></span> <span class='ocrx_word' id='word_1_68' title='bbox 656 1647 694 1703; x_wconf 91' lang='lat' dir='ltr'><strong>ut</strong></span> <span class='ocrx_word' id='word_1_69' title='bbox 717 1640 838 1703; x_wconf 90' lang='lat' dir='ltr'><strong>mortis</strong></span> <span class='ocrx_word' id='word_1_70' title='bbox 854 1639 1072 1722; x_wconf 86' lang='lat' dir='ltr'><strong>dispendium</strong></span> 
     </span>
     <span class='ocr_line' id='line_1_12' title="bbox 136 1735 1071 1820; baseline 0.007 -24"><span class='ocrx_word' id='word_1_71' title='bbox 136 1735 325 1816; x_wconf 81' lang='lat' dir='ltr'><strong>declinaret,</strong></span> <span class='ocrx_word' id='word_1_72' title='bbox 354 1738 440 1802; x_wconf 92' lang='lat' dir='ltr'><strong>illud</strong></span> <span class='ocrx_word' id='word_1_73' title='bbox 473 1738 676 1819; x_wconf 83' lang='lat' dir='ltr'><strong>ingreditur,</strong></span> <span class='ocrx_word' id='word_1_74' title='bbox 706 1757 803 1820; x_wconf 90' lang='lat' dir='ltr'><strong>spem</strong></span> <span class='ocrx_word' id='word_1_75' title='bbox 833 1757 904 1802; x_wconf 94' lang='lat' dir='ltr'><strong>non</strong></span> <span class='ocrx_word' id='word_1_76' title='bbox 941 1738 1071 1804; x_wconf 88' lang='lat' dir='ltr'><strong>hahens</strong></span> 
     </span>
     <span class='ocr_line' id='line_1_13' title="bbox 136 1835 1071 1919; baseline 0.007 -23"><span class='ocrx_word' id='word_1_77' title='bbox 136 1835 228 1899; x_wconf 86' lang='lat' dir='ltr'><strong>aliam</strong></span> <span class='ocrx_word' id='word_1_78' title='bbox 254 1837 451 1917; x_wconf 85' lang='lat' dir='ltr'><strong>evadendi3</strong></span> <span class='ocrx_word' id='word_1_79' title='bbox 485 1857 631 1919; x_wconf 88' lang='lat' dir='ltr'><strong>cumque</strong></span> <span class='ocrx_word' id='word_1_80' title='bbox 656 1838 698 1901; x_wconf 91' lang='lat' dir='ltr'><strong>de</strong></span> <span class='ocrx_word' id='word_1_81' title='bbox 723 1837 797 1902; x_wconf 89' lang='lat' dir='ltr'><strong>vita</strong></span> <span class='ocrx_word' id='word_1_82' title='bbox 817 1836 1013 1919; x_wconf 88' lang='lat' dir='ltr'><strong>desperans.</strong></span> <span class='ocrx_word' id='word_1_83' title='bbox 1034 1840 1071 1903; x_wconf 93' lang='lat' dir='ltr'><strong>in</strong></span> 
     </span>
     <span class='ocr_line' id='line_1_14' title="bbox 134 1937 1071 2018; baseline 0.009 -24"><span class='ocrx_word' id='word_1_84' title='bbox 134 1937 273 2000; x_wconf 90' lang='lat' dir='ltr'><strong>crastino</strong></span> <span class='ocrx_word' id='word_1_85' title='bbox 297 1943 469 2002; x_wconf 83' lang='lat' dir='ltr'><strong>metueret</strong></span> <span class='ocrx_word' id='word_1_86' title='bbox 493 1938 538 2000; x_wconf 89' lang='lat' dir='ltr'><strong>ab</strong></span> <span class='ocrx_word' id='word_1_87' title='bbox 554 1937 712 2018; x_wconf 81' lang='lat' dir='ltr'><strong>hostibus</strong></span> <span class='ocrx_word' id='word_1_88' title='bbox 736 1937 897 2014; x_wconf 88' lang='lat' dir='ltr'><strong>obsideri,</strong></span> <span class='ocrx_word' id='word_1_89' title='bbox 916 1957 995 2001; x_wconf 89' lang='lat' dir='ltr'><strong>ecce</strong></span> <span class='ocrx_word' id='word_1_90' title='bbox 1018 1938 1071 2002; x_wconf 91' lang='lat' dir='ltr'><strong>in·</strong></span> 
     </span>
     <span class='ocr_line' id='line_1_15' title="bbox 134 2036 1070 2118; baseline 0.006 -23"><span class='ocrx_word' id='word_1_91' title='bbox 134 2041 302 2116; x_wconf 76' lang='lat' dir='ltr'><strong>tempestae</strong></span> <span class='ocrx_word' id='word_1_92' title='bbox 331 2037 445 2101; x_wconf 90' lang='lat' dir='ltr'><strong>noctis</strong></span> <span class='ocrx_word' id='word_1_93' title='bbox 472 2036 608 2100; x_wconf 88' lang='lat' dir='ltr'><strong>silentio</strong></span> <span class='ocrx_word' id='word_1_94' title='bbox 635 2036 747 2100; x_wconf 83' lang='lat' dir='ltr'><strong>adsuit</strong></span> <span class='ocrx_word' id='word_1_95' title='bbox 771 2036 991 2118; x_wconf 89' lang='lat' dir='ltr'><strong>supradictus</strong></span> <span class='ocrx_word' id='word_1_96' title='bbox 1012 2037 1070 2101; x_wconf 90' lang='lat' dir='ltr'><strong>ille</strong></span> 
     </span>
     <span class='ocr_line' id='line_1_16' title="bbox 133 2133 1071 2220; baseline 0.005 -26"><span class='ocrx_word' id='word_1_97' title='bbox 133 2133 281 2218; x_wconf 89' lang='lat' dir='ltr'><strong>princeps</strong></span> <span class='ocrx_word' id='word_1_98' title='bbox 296 2135 425 2200; x_wconf 91' lang='lat' dir='ltr'><strong>nobilis</strong></span> <span class='ocrx_word' id='word_1_99' title='bbox 442 2134 484 2198; x_wconf 91' lang='lat' dir='ltr'><strong>de</strong></span> <span class='ocrx_word' id='word_1_100' title='bbox 506 2134 649 2214; x_wconf 86' lang='lat' dir='ltr'><strong>Arabia,</strong></span> <span class='ocrx_word' id='word_1_101' title='bbox 666 2136 766 2220; x_wconf 89' lang='lat' dir='ltr'><strong>cujus</strong></span> <span class='ocrx_word' id='word_1_102' title='bbox 786 2135 899 2211; x_wconf 84' lang='lat' dir='ltr'><strong>uxori,</strong></span> <span class='ocrx_word' id='word_1_103' title='bbox 922 2144 961 2200; x_wconf 91' lang='lat' dir='ltr'><strong>nt</strong></span> <span class='ocrx_word' id='word_1_104' title='bbox 983 2155 1071 2218; x_wconf 89' lang='lat' dir='ltr'><strong>prae-</strong></span> 
     </span>
     <span class='ocr_line' id='line_1_17' title="bbox 133 2234 1069 2312; baseline 0.004 -18"><span class='ocrx_word' id='word_1_105' title='bbox 133 2234 290 2312; x_wconf 85' lang='lat' dir='ltr'><strong>misimus,</strong></span> <span class='ocrx_word' id='word_1_106' title='bbox 322 2255 386 2298; x_wconf 85' lang='lat' dir='ltr'><strong>rex</strong></span> <span class='ocrx_word' id='word_1_107' title='bbox 418 2239 550 2299; x_wconf 86' lang='lat' dir='ltr'><strong>tantam</strong></span> <span class='ocrx_word' id='word_1_108' title='bbox 583 2235 787 2299; x_wconf 80' lang='lat' dir='ltr'><strong>exhibuerat</strong></span> <span class='ocrx_word' id='word_1_109' title='bbox 819 2235 1069 2299; x_wconf 83' lang='lat' dir='ltr'><strong>humanitatem</strong></span> 
     </span>
     <span class='ocr_line' id='line_1_18' title="bbox 28 2330 1070 2417; baseline 0.005 -25"><span class='ocrx_word' id='word_1_110' title='bbox 28 2360 29 2387; x_wconf 68' lang='lat' dir='ltr'><strong>r</strong></span> <span class='ocrx_word' id='word_1_111' title='bbox 133 2330 204 2395; x_wconf 93' lang='lat' dir='ltr'><strong>dum</strong></span> <span class='ocrx_word' id='word_1_112' title='bbox 221 2334 262 2398; x_wconf 87' lang='lat' dir='ltr'><strong>in</strong></span> <span class='ocrx_word' id='word_1_113' title='bbox 296 2341 402 2416; x_wconf 87' lang='lat' dir='ltr'><strong>partu</strong></span> <span class='ocrx_word' id='word_1_114' title='bbox 424 2333 608 2410; x_wconf 88' lang='lat' dir='ltr'><strong>laboraret,</strong></span> <span class='ocrx_word' id='word_1_115' title='bbox 641 2342 677 2398; x_wconf 93' lang='lat' dir='ltr'><strong>et</strong></span> <span class='ocrx_word' id='word_1_116' title='bbox 702 2353 787 2398; x_wconf 90' lang='lat' dir='ltr'><strong>voce</strong></span> <span class='ocrx_word' id='word_1_117' title='bbox 813 2353 1000 2417; x_wconf 85' lang='lat' dir='ltr'><strong>suppressa</strong></span> <span class='ocrx_word' id='word_1_118' title='bbox 1028 2334 1070 2397; x_wconf 85' lang='lat' dir='ltr'><strong>iis</strong></span> 
     </span>
     <span class='ocr_line' id='line_1_19' title="bbox 28 2417 1072 2516; baseline -0.003 -17"><span class='ocrx_word' id='word_1_119' title='bbox 28 2417 29 2499; x_wconf 68' lang='grc' dir='ltr'>Ῑ</span> <span class='ocrx_word' id='word_1_120' title='bbox 132 2432 184 2510; x_wconf 89' lang='lat' dir='ltr'><strong>qui</strong></span> <span class='ocrx_word' id='word_1_121' title='bbox 210 2432 247 2496; x_wconf 91' lang='lat' dir='ltr'><strong>in</strong></span> <span class='ocrx_word' id='word_1_122' title='bbox 277 2453 380 2497; x_wconf 90' lang='lat' dir='ltr'><strong>muro</strong></span> <span class='ocrx_word' id='word_1_123' title='bbox 409 2440 508 2496; x_wconf 88' lang='lat' dir='ltr'><strong>erant</strong></span> <span class='ocrx_word' id='word_1_124' title='bbox 532 2433 659 2497; x_wconf 89' lang='lat' dir='ltr'><strong>siccine</strong></span> <span class='ocrx_word' id='word_1_125' title='bbox 684 2432 905 2516; x_wconf 89' lang='lat' dir='ltr'><strong>loquebatur,</strong></span> <span class='ocrx_word' id='word_1_126' title='bbox 930 2432 1072 2497; x_wconf 88' lang='lat' dir='ltr'><strong>‘Verba</strong></span> 
     </span>
     <span class='ocr_line' id='line_1_20' title="bbox 132 2527 1070 2615; baseline 0.003 -23"><span class='ocrx_word' id='word_1_127' title='bbox 132 2527 256 2608; x_wconf 89' lang='lat' dir='ltr'><strong>habeo,’</strong></span> <span class='ocrx_word' id='word_1_128' title='bbox 270 2533 399 2615; x_wconf 89' lang='lat' dir='ltr'><strong>inquit,</strong></span> <span class='ocrx_word' id='word_1_129' title='bbox 413 2533 477 2596; x_wconf 90' lang='lat' dir='ltr'><strong>‘ad</strong></span> <span class='ocrx_word' id='word_1_130' title='bbox 488 2551 602 2612; x_wconf 84' lang='lat' dir='ltr'><strong>regem</strong></span> <span class='ocrx_word' id='word_1_131' title='bbox 616 2533 814 2608; x_wconf 91' lang='lat' dir='ltr'><strong>secretiora,</strong></span> <span class='ocrx_word' id='word_1_132' title='bbox 825 2551 903 2615; x_wconf 88' lang='lat' dir='ltr'><strong>quae</strong></span> <span class='ocrx_word' id='word_1_133' title='bbox 914 2531 1070 2615; x_wconf 86' lang='lat' dir='ltr'><strong>perl&#39;ero;</strong></span> 
     </span>
    </p>
   </div>
   <div class='ocr_carea' id='block_1_3' title="bbox 27 2603 1072 2911">
    <p class='ocr_par' dir='ltr' id='par_1_3' title="bbox 27 2603 1072 2911">
     <span class='ocr_line' id='line_1_21' title="bbox 28 2603 1070 2714; baseline 0.008 -26"><span class='ocrx_word' id='word_1_134' title='bbox 28 2603 29 2679; x_wconf 69' lang='lat' dir='ltr'><strong>l</strong></span> <span class='ocrx_word' id='word_1_135' title='bbox 131 2627 225 2693; x_wconf 86' lang='lat' dir='ltr'><strong>facite</strong></span> <span class='ocrx_word' id='word_1_136' title='bbox 240 2639 282 2695; x_wconf 94' lang='lat' dir='ltr'><strong>ut</strong></span> <span class='ocrx_word' id='word_1_137' title='bbox 295 2631 497 2695; x_wconf 87' lang='lat' dir='ltr'><strong>introducar</strong></span> <span class='ocrx_word' id='word_1_138' title='bbox 518 2631 563 2693; x_wconf 84' lang='lat' dir='ltr'><strong>ad</strong></span> <span class='ocrx_word' id='word_1_139' title='bbox 582 2633 695 2713; x_wconf 88' lang='lat' dir='ltr'><strong>ipsum</strong></span> <span class='ocrx_word' id='word_1_140' title='bbox 706 2631 727 2710; x_wconf 74' lang='grc' dir='ltr'><strong>ς’</strong></span> <span class='ocrx_word' id='word_1_141' title='bbox 765 2631 825 2713; x_wconf 91' lang='lat' dir='ltr'><strong>qui</strong></span> <span class='ocrx_word' id='word_1_142' title='bbox 848 2651 964 2694; x_wconf 90' lang='lat' dir='ltr'><strong>coram</strong></span> <span class='ocrx_word' id='word_1_143' title='bbox 988 2652 1070 2714; x_wconf 79' lang='lat' dir='ltr'><strong>rege</strong></span> 
     </span>
     <span class='ocr_line' id='line_1_22' title="bbox 27 2706 1069 2812; baseline -0.002 -17"><span class='ocrx_word' id='word_1_144' title='bbox 27 2706 29 2795; x_wconf 77' lang='lat' dir='ltr'><strong>l</strong></span> <span class='ocrx_word' id='word_1_145' title='bbox 131 2727 295 2794; x_wconf 85' lang='lat' dir='ltr'><strong>adductus</strong></span> <span class='ocrx_word' id='word_1_146' title='bbox 319 2730 461 2794; x_wconf 89' lang='lat' dir='ltr'><strong>instruit</strong></span> <span class='ocrx_word' id='word_1_147' title='bbox 480 2749 567 2806; x_wconf 92' lang='lat' dir='ltr'><strong>eum,</strong></span> <span class='ocrx_word' id='word_1_148' title='bbox 585 2738 626 2793; x_wconf 91' lang='lat' dir='ltr'><strong>ut</strong></span> <span class='ocrx_word' id='word_1_149' title='bbox 645 2731 687 2794; x_wconf 91' lang='lat' dir='ltr'><strong>de</strong></span> <span class='ocrx_word' id='word_1_150' title='bbox 709 2729 837 2812; x_wconf 90' lang='lat' dir='ltr'><strong>oppido</strong></span> <span class='ocrx_word' id='word_1_151' title='bbox 862 2730 1069 2811; x_wconf 78' lang='lat' dir='ltr'><strong>egrediatur,</strong></span> 
     </span>
     <span class='ocr_line' id='line_1_23' title="bbox 129 2829 1072 2911; baseline 0.005 -23"><span class='ocrx_word' id='word_1_152' title='bbox 129 2830 330 2907; x_wconf 88' lang='lat' dir='ltr'><strong>promittens</strong></span> <span class='ocrx_word' id='word_1_153' title='bbox 360 2833 492 2905; x_wconf 85' lang='lat' dir='ltr'><strong>secure,</strong></span> <span class='ocrx_word' id='word_1_154' title='bbox 520 2829 613 2910; x_wconf 94' lang='lat' dir='ltr'><strong>quod</strong></span> <span class='ocrx_word' id='word_1_155' title='bbox 644 2829 758 2911; x_wconf 93' lang='lat' dir='ltr'><strong>ipsum</strong></span> <span class='ocrx_word' id='word_1_156' title='bbox 788 2829 852 2891; x_wconf 90' lang='lat' dir='ltr'><strong>suh</strong></span> <span class='ocrx_word' id='word_1_157' title='bbox 884 2837 962 2893; x_wconf 91' lang='lat' dir='ltr'><strong>tuto</strong></span> <span class='ocrx_word' id='word_1_158' title='bbox 991 2848 1072 2894; x_wconf 89' lang='lat' dir='ltr'><strong>con-</strong></span> 
     </span>
    </p>
   </div>
   <div class='ocr_carea' id='block_1_4' title="bbox 27 2927 1080 4478">
    <p class='ocr_par' dir='ltr' id='par_1_4' title="bbox 27 2927 1080 4478">
     <span class='ocr_line' id='line_1_24' title="bbox 129 2927 1080 3010; baseline 0 -22"><span class='ocrx_word' id='word_1_159' title='bbox 129 2927 255 3004; x_wconf 87' lang='lat' dir='ltr'><strong>stituet,</strong></span> <span class='ocrx_word' id='word_1_160' title='bbox 284 2929 317 2992; x_wconf 86' lang='lat' dir='ltr'><strong>si</strong></span> <span class='ocrx_word' id='word_1_161' title='bbox 342 2929 417 2991; x_wconf 91' lang='lat' dir='ltr'><strong>sine</strong></span> <span class='ocrx_word' id='word_1_162' title='bbox 446 2927 597 2992; x_wconf 92' lang='lat' dir='ltr'><strong>tumultu</strong></span> <span class='ocrx_word' id='word_1_163' title='bbox 628 2935 733 2991; x_wconf 87' lang='lat' dir='ltr'><strong>exeat</strong></span> <span class='ocrx_word' id='word_1_164' title='bbox 759 2934 793 2991; x_wconf 91' lang='lat' dir='ltr'><strong>et</strong></span> <span class='ocrx_word' id='word_1_165' title='bbox 820 2948 899 2991; x_wconf 89' lang='lat' dir='ltr'><strong>cum</strong></span> <span class='ocrx_word' id='word_1_166' title='bbox 930 2930 1049 3010; x_wconf 87' lang='lat' dir='ltr'><strong>paucis</strong></span> <span class='ocrx_word' id='word_1_167' title='bbox 1058 2937 1080 3008; x_wconf 71' lang='grc' dir='ltr'><strong>ς.</strong></span> 
     </span>
     <span class='ocr_line' id='line_1_25' title="bbox 129 3026 1070 3114; baseline 0.002 -26"><span class='ocrx_word' id='word_1_168' title='bbox 129 3027 308 3092; x_wconf 89' lang='lat' dir='ltr'><strong>consilium</strong></span> <span class='ocrx_word' id='word_1_169' title='bbox 349 3027 438 3091; x_wconf 93' lang='lat' dir='ltr'><strong>enim</strong></span> <span class='ocrx_word' id='word_1_170' title='bbox 471 3028 621 3091; x_wconf 90' lang='lat' dir='ltr'><strong>inierant</strong></span> <span class='ocrx_word' id='word_1_171' title='bbox 654 3026 818 3114; x_wconf 76' lang='lat' dir='ltr'><strong>Arabes,</strong></span> <span class='ocrx_word' id='word_1_172' title='bbox 836 3035 877 3091; x_wconf 95' lang='lat' dir='ltr'><strong>ut</strong></span> <span class='ocrx_word' id='word_1_173' title='bbox 911 3035 1070 3106; x_wconf 86' lang='lat' dir='ltr'><strong>testatur,</strong></span> 
     </span>
     <span class='ocr_line' id='line_1_26' title="bbox 27 3125 1069 3206; baseline 0 -14"><span class='ocrx_word' id='word_1_174' title='bbox 27 3173 28 3192; x_wconf 51' lang='lat' dir='ltr'><strong>r</strong></span> <span class='ocrx_word' id='word_1_175' title='bbox 128 3127 214 3206; x_wconf 88' lang='lat' dir='ltr'><strong>quod</strong></span> <span class='ocrx_word' id='word_1_176' title='bbox 232 3145 371 3190; x_wconf 87' lang='lat' dir='ltr'><strong>summo</strong></span> <span class='ocrx_word' id='word_1_177' title='bbox 386 3125 536 3190; x_wconf 92' lang='lat' dir='ltr'><strong>diluculo</strong></span> <span class='ocrx_word' id='word_1_178' title='bbox 558 3133 710 3190; x_wconf 87' lang='lat' dir='ltr'><strong>castrum</strong></span> <span class='ocrx_word' id='word_1_179' title='bbox 731 3126 880 3191; x_wconf 89' lang='lat' dir='ltr'><strong>debeant</strong></span> <span class='ocrx_word' id='word_1_180' title='bbox 901 3126 1069 3192; x_wconf 89' lang='lat' dir='ltr'><strong>obsidere.</strong></span> 
     </span>
     <span class='ocr_line' id='line_1_27' title="bbox 27 3222 1071 3308; baseline 0.004 -23"><span class='ocrx_word' id='word_1_181' title='bbox 27 3239 28 3242; x_wconf 72' lang='grc'>’</span> <span class='ocrx_word' id='word_1_182' title='bbox 128 3222 353 3307; x_wconf 86' lang='lat' dir='ltr'><strong>Tandemque</strong></span> <span class='ocrx_word' id='word_1_183' title='bbox 381 3244 540 3307; x_wconf 81' lang='lat' dir='ltr'><strong>egressus</strong></span> <span class='ocrx_word' id='word_1_184' title='bbox 565 3246 629 3290; x_wconf 89' lang='lat' dir='ltr'><strong>rex</strong></span> <span class='ocrx_word' id='word_1_185' title='bbox 661 3245 740 3288; x_wconf 91' lang='lat' dir='ltr'><strong>cum</strong></span> <span class='ocrx_word' id='word_1_186' title='bbox 767 3227 899 3308; x_wconf 86' lang='lat' dir='ltr'><strong>paucis,</strong></span> <span class='ocrx_word' id='word_1_187' title='bbox 923 3227 1071 3289; x_wconf 91' lang='lat' dir='ltr'><strong>amicum</strong></span> 
     </span>
     <span class='ocr_line' id='line_1_28' title="bbox 127 3325 1071 3406; baseline 0.003 -23"><span class='ocrx_word' id='word_1_188' title='bbox 127 3341 287 3406; x_wconf 77' lang='lat' dir='ltr'><strong>sequenS,</strong></span> <span class='ocrx_word' id='word_1_189' title='bbox 310 3325 354 3388; x_wconf 90' lang='lat' dir='ltr'><strong>ad</strong></span> <span class='ocrx_word' id='word_1_190' title='bbox 376 3332 541 3389; x_wconf 89' lang='lat' dir='ltr'><strong>montana</strong></span> <span class='ocrx_word' id='word_1_191' title='bbox 564 3325 787 3403; x_wconf 80' lang='lat' dir='ltr'><strong>conscendit3</strong></span> <span class='ocrx_word' id='word_1_192' title='bbox 819 3332 857 3388; x_wconf 88' lang='lat' dir='ltr'><strong>at</strong></span> <span class='ocrx_word' id='word_1_193' title='bbox 878 3325 931 3389; x_wconf 90' lang='lat' dir='ltr'><strong>vir</strong></span> <span class='ocrx_word' id='word_1_194' title='bbox 946 3325 1071 3387; x_wconf 89' lang='lat' dir='ltr'><strong>nobilis</strong></span> 
     </span>
     <span class='ocr_line' id='line_1_29' title="bbox 126 3420 1079 3506; baseline -0.002 -24"><span class='ocrx_word' id='word_1_195' title='bbox 126 3420 191 3500; x_wconf 89' lang='lat' dir='ltr'><strong>ille,</strong></span> <span class='ocrx_word' id='word_1_196' title='bbox 206 3423 256 3488; x_wconf 84' lang='lat' dir='ltr'><strong>ab</strong></span> <span class='ocrx_word' id='word_1_197' title='bbox 274 3443 315 3486; x_wconf 92' lang='lat' dir='ltr'><strong>eo</strong></span> <span class='ocrx_word' id='word_1_198' title='bbox 336 3424 541 3505; x_wconf 84' lang='lat' dir='ltr'><strong>digrediens,</strong></span> <span class='ocrx_word' id='word_1_199' title='bbox 564 3423 797 3506; x_wconf 90' lang='lat' dir='ltr'><strong>opportunum</strong></span> <span class='ocrx_word' id='word_1_200' title='bbox 819 3423 895 3504; x_wconf 85' lang='lat' dir='ltr'><strong>regi</strong></span> <span class='ocrx_word' id='word_1_201' title='bbox 918 3429 1079 3506; x_wconf 82' lang='lat' dir='ltr'><strong>tempore.</strong></span> 
     </span>
     <span class='ocr_line' id='line_1_30' title="bbox 27 3521 1077 3605; baseline 0 -21"><span class='ocrx_word' id='word_1_202' title='bbox 27 3527 28 3530; x_wconf 75' lang='grc'>’</span> <span class='ocrx_word' id='word_1_203' title='bbox 127 3540 282 3604; x_wconf 84' lang='lat' dir='ltr'><strong>congruo</strong></span> <span class='ocrx_word' id='word_1_204' title='bbox 308 3523 464 3604; x_wconf 89' lang='lat' dir='ltr'><strong>promisit</strong></span> <span class='ocrx_word' id='word_1_205' title='bbox 490 3524 711 3605; x_wconf 68' lang='lat' dir='ltr'><strong>obsequium</strong></span> <span class='ocrx_word' id='word_1_206' title='bbox 743 3542 805 3586; x_wconf 85' lang='lat' dir='ltr'><strong>rex</strong></span> <span class='ocrx_word' id='word_1_207' title='bbox 827 3542 910 3588; x_wconf 81' lang='lat' dir='ltr'><strong>vero</strong></span> <span class='ocrx_word' id='word_1_208' title='bbox 937 3521 1077 3600; x_wconf 85' lang='lat' dir='ltr'><strong>duobus</strong></span> 
     </span>
     <span class='ocr_line' id='line_1_31' title="bbox 127 3618 1071 3704; baseline 0 -21"><span class='ocrx_word' id='word_1_209' title='bbox 127 3623 230 3685; x_wconf 89' lang='lat' dir='ltr'><strong>sociis</strong></span> <span class='ocrx_word' id='word_1_210' title='bbox 246 3622 431 3685; x_wconf 91' lang='lat' dir='ltr'><strong>comitatus</strong></span> <span class='ocrx_word' id='word_1_211' title='bbox 450 3642 513 3704; x_wconf 91' lang='lat' dir='ltr'><strong>per</strong></span> <span class='ocrx_word' id='word_1_212' title='bbox 528 3622 658 3686; x_wconf 87' lang='lat' dir='ltr'><strong>medias</strong></span> <span class='ocrx_word' id='word_1_213' title='bbox 677 3621 827 3685; x_wconf 88' lang='lat' dir='ltr'><strong>hostium</strong></span> <span class='ocrx_word' id='word_1_214' title='bbox 845 3620 988 3684; x_wconf 86' lang='lat' dir='ltr'><strong>insidias</strong></span> <span class='ocrx_word' id='word_1_215' title='bbox 1002 3618 1071 3683; x_wconf 87' lang='lat' dir='ltr'><strong>As-</strong></span> 
     </span>
     <span class='ocr_line' id='line_1_32' title="bbox 126 3720 1079 3805; baseline -0.004 -23"><span class='ocrx_word' id='word_1_216' title='bbox 126 3739 182 3782; x_wconf 89' lang='lat' dir='ltr'><strong>sur</strong></span> <span class='ocrx_word' id='word_1_217' title='bbox 199 3739 313 3803; x_wconf 89' lang='lat' dir='ltr'><strong>usque</strong></span> <span class='ocrx_word' id='word_1_218' title='bbox 334 3722 500 3802; x_wconf 88' lang='lat' dir='ltr'><strong>pervenit,</strong></span> <span class='ocrx_word' id='word_1_219' title='bbox 523 3721 581 3784; x_wconf 93' lang='lat' dir='ltr'><strong>ubi</strong></span> <span class='ocrx_word' id='word_1_220' title='bbox 601 3741 622 3784; x_wconf 86' lang='lat' dir='ltr'><strong>a</strong></span> <span class='ocrx_word' id='word_1_221' title='bbox 643 3721 714 3785; x_wconf 90' lang='lat' dir='ltr'><strong>suis</strong></span> <span class='ocrx_word' id='word_1_222' title='bbox 739 3720 930 3805; x_wconf 76' lang='lat' dir='ltr'><strong>gaudenter</strong></span> <span class='ocrx_word' id='word_1_223' title='bbox 948 3739 1079 3802; x_wconf 62' lang='lat' dir='ltr'><strong>excep„</strong></span> 
     </span>
     <span class='ocr_line' id='line_1_33' title="bbox 126 3818 1072 3902; baseline 0.003 -22"><span class='ocrx_word' id='word_1_224' title='bbox 126 3827 181 3882; x_wconf 91' lang='lat' dir='ltr'><strong>tos</strong></span> <span class='ocrx_word' id='word_1_225' title='bbox 211 3827 268 3884; x_wconf 91' lang='lat' dir='ltr'><strong>est</strong></span> <span class='ocrx_word' id='word_1_226' title='bbox 296 3825 332 3882; x_wconf 92' lang='lat' dir='ltr'><strong>et</strong></span> <span class='ocrx_word' id='word_1_227' title='bbox 353 3827 491 3902; x_wconf 89' lang='lat' dir='ltr'><strong>sumpto</strong></span> <span class='ocrx_word' id='word_1_228' title='bbox 517 3821 646 3884; x_wconf 90' lang='lat' dir='ltr'><strong>cibario</strong></span> <span class='ocrx_word' id='word_1_229' title='bbox 669 3819 898 3884; x_wconf 81' lang='lat' dir='ltr'><strong>confortatus.</strong></span> <span class='ocrx_word' id='word_1_230' title='bbox 940 3818 1072 3895; x_wconf 88' lang='lat' dir='ltr'><strong>Hostes</strong></span> 
     </span>
     <span class='ocr_line' id='line_1_34' title="bbox 125 3917 1079 4000; baseline -0.001 -20"><span class='ocrx_word' id='word_1_231' title='bbox 125 3925 256 3994; x_wconf 85' lang='lat' dir='ltr'><strong>antem,</strong></span> <span class='ocrx_word' id='word_1_232' title='bbox 268 3919 416 3982; x_wconf 87' lang='lat' dir='ltr'><strong>victoria</strong></span> <span class='ocrx_word' id='word_1_233' title='bbox 432 3919 546 4000; x_wconf 92' lang='lat' dir='ltr'><strong>potiti,</strong></span> <span class='ocrx_word' id='word_1_234' title='bbox 570 3920 606 3981; x_wconf 94' lang='lat' dir='ltr'><strong>in</strong></span> <span class='ocrx_word' id='word_1_235' title='bbox 629 3919 780 3983; x_wconf 82' lang='lat' dir='ltr'><strong>crastino</strong></span> <span class='ocrx_word' id='word_1_236' title='bbox 804 3917 990 3981; x_wconf 86' lang='lat' dir='ltr'><strong>Ramulam</strong></span> <span class='ocrx_word' id='word_1_237' title='bbox 1012 3918 1079 3980; x_wconf 51' lang='lat' dir='ltr'><strong>obv</strong></span> 
     </span>
     <span class='ocr_line' id='line_1_35' title="bbox 124 4015 1073 4101; baseline -0.001 -22"><span class='ocrx_word' id='word_1_238' title='bbox 124 4017 310 4097; x_wconf 80' lang='lat' dir='ltr'><strong>sederunt3</strong></span> <span class='ocrx_word' id='word_1_239' title='bbox 349 4037 455 4100; x_wconf 90' lang='lat' dir='ltr'><strong>quam</strong></span> <span class='ocrx_word' id='word_1_240' title='bbox 477 4017 646 4081; x_wconf 86' lang='lat' dir='ltr'><strong>violenter</strong></span> <span class='ocrx_word' id='word_1_241' title='bbox 675 4018 912 4101; x_wconf 66' lang='lat' dir='ltr'><strong>subjugantes</strong></span> <span class='ocrx_word' id='word_1_242' title='bbox 944 4015 1073 4090; x_wconf 92' lang='lat' dir='ltr'><strong>fideles,</strong></span> 
     </span>
     <span class='ocr_line' id='line_1_36' title="bbox 124 4113 1079 4199; baseline -0.002 -21"><span class='ocrx_word' id='word_1_243' title='bbox 124 4116 183 4196; x_wconf 92' lang='lat' dir='ltr'><strong>qui</strong></span> <span class='ocrx_word' id='word_1_244' title='bbox 208 4117 244 4179; x_wconf 93' lang='lat' dir='ltr'><strong>in</strong></span> <span class='ocrx_word' id='word_1_245' title='bbox 260 4115 424 4199; x_wconf 88' lang='lat' dir='ltr'><strong>praesidio</strong></span> <span class='ocrx_word' id='word_1_246' title='bbox 444 4122 555 4192; x_wconf 90' lang='lat' dir='ltr'><strong>erant,</strong></span> <span class='ocrx_word' id='word_1_247' title='bbox 569 4115 703 4198; x_wconf 63' lang='lat' dir='ltr'><strong>‘partim</strong></span> <span class='ocrx_word' id='word_1_248' title='bbox 722 4113 845 4199; x_wconf 91' lang='lat' dir='ltr'><strong>[neci],</strong></span> <span class='ocrx_word' id='word_1_249' title='bbox 861 4115 986 4198; x_wconf 86' lang='lat' dir='ltr'><strong>partim</strong></span> <span class='ocrx_word' id='word_1_250' title='bbox 1001 4113 1079 4178; x_wconf 77' lang='lat' dir='ltr'><strong>tra-s</strong></span> 
     </span>
     <span class='ocr_line' id='line_1_37' title="bbox 124 4212 1074 4297; baseline -0.001 -20"><span class='ocrx_word' id='word_1_251' title='bbox 124 4215 287 4281; x_wconf 83' lang='lat' dir='ltr'><strong>diderunt</strong></span> <span class='ocrx_word' id='word_1_252' title='bbox 316 4224 352 4280; x_wconf 91' lang='lat' dir='ltr'><strong>et</strong></span> <span class='ocrx_word' id='word_1_253' title='bbox 382 4223 558 4297; x_wconf 88' lang='lat' dir='ltr'><strong>perpetuae</strong></span> <span class='ocrx_word' id='word_1_254' title='bbox 584 4215 755 4279; x_wconf 84' lang='lat' dir='ltr'><strong>servituti.</strong></span> <span class='ocrx_word' id='word_1_255' title='bbox 806 4212 914 4277; x_wconf 90' lang='lat' dir='ltr'><strong>Venit</strong></span> <span class='ocrx_word' id='word_1_256' title='bbox 941 4214 1074 4277; x_wconf 86' lang='lat' dir='ltr'><strong>interea</strong></span> 
     </span>
     <span class='ocr_line' id='line_1_38' title="bbox 125 4311 1075 4394; baseline -0.004 -17"><span class='ocrx_word' id='word_1_257' title='bbox 125 4313 235 4394; x_wconf 88' lang='lat' dir='ltr'><strong>Hugo</strong></span> <span class='ocrx_word' id='word_1_258' title='bbox 254 4316 298 4380; x_wconf 91' lang='lat' dir='ltr'><strong>de</strong></span> <span class='ocrx_word' id='word_1_259' title='bbox 315 4315 445 4378; x_wconf 90' lang='lat' dir='ltr'><strong>Sancto</strong></span> <span class='ocrx_word' id='word_1_260' title='bbox 463 4312 673 4391; x_wconf 78' lang='lat' dir='ltr'><strong>Audemaro,</strong></span> <span class='ocrx_word' id='word_1_261' title='bbox 695 4315 750 4377; x_wconf 91' lang='lat' dir='ltr'><strong>cui</strong></span> <span class='ocrx_word' id='word_1_262' title='bbox 775 4332 839 4376; x_wconf 88' lang='lat' dir='ltr'><strong>rex</strong></span> <span class='ocrx_word' id='word_1_263' title='bbox 857 4311 999 4378; x_wconf 85' lang='lat' dir='ltr'><strong>dederat</strong></span> <span class='ocrx_word' id='word_1_264' title='bbox 1012 4331 1075 4374; x_wconf 88' lang='lat' dir='ltr'><strong>ur-</strong></span> 
     </span>
     <span class='ocr_line' id='line_1_39' title="bbox 175 4427 925 4478; baseline -0.004 -4"><span class='ocrx_word' id='word_1_265' title='bbox 175 4430 254 4478; x_wconf 79' lang='lat' dir='ltr'><strong>von.</strong></span> <span class='ocrx_word' id='word_1_266' title='bbox 272 4431 316 4478; x_wconf 91' lang='lat'><strong>11.</strong></span> <span class='ocrx_word' id='word_1_267' title='bbox 901 4427 925 4471; x_wconf 84' lang='lat' dir='ltr'>N</span> 
     </span>
    </p>
   </div>
   <div class='ocr_carea' id='block_1_5' title="bbox 0 0 1574 5184">
    <p class='ocr_par' dir='ltr' id='par_1_5' title="bbox 0 0 1574 5184">
     <span class='ocr_line' id='line_1_40' title="bbox 0 0 1574 5184; baseline 0 4"><span class='ocrx_word' id='word_1_268' title='bbox 0 0 1574 5184; x_wconf 95' lang='lat' dir='ltr'><strong> </strong></span> 
     </span>
    </p>
   </div>
  </div>
 </body>
</html>
