3178 5194
428 510 569 561 anonas
593 510 865 560 ursroarnnuru'.
1057 493 1122 560 377

163 670 358 735 vissimam'
371 671 633 753 compulerunt;
657 669 749 751 quod
765 659 920 734 videntes
938 667 1124 753 justiciarii
1136 681 1191 724 w·
1202 682 1259 724 ¹1⁷⁴·

163 771 263 851 regis
275 770 319 834 de
335 771 480 835 consilio
494 769 667 834 communi
682 768 850 832 miserunt
865 768 909 832 ad
926 788 1041 850 regem
1061 769 1125 833 Ri-

165 869 350 948 cbardum,
373 868 649 935 Wintoniensem
678 868 838 945 electum,
870 866 930 950 qui
958 867 1124 950 pericula,

165 987 251 1050 quae
264 968 405 1050 Angliae
426 967 663 1044 imminebant,
682 966 829 1032 fideliter
845 967 1041 1046 intimaret3
1065 968 1125 1050 qui

165 1067 330 1132 celeriter
345 1069 381 1132 in
398 1067 651 1132 Normanniam
667 1073 898 1144 transvectus,
913 1066 1029 1131 omnia
1046 1085 1124 1149 quae

166 1167 301 1232 fiebant
316 1165 353 1231 in
368 1166 512 1250 Anglia,
527 1173 660 1232 remota
676 1165 841 1243 falsitate,
857 1166 1024 1233 narravit.

191 1339 281 1420 Quod
293 1359 347 1404 ree
361 1340 481 1404 canoas
495 1339 531 1404 io
543 1338 696 1424 Anplicm
707 1337 825 1404 deatum
843 1337 989 1404 Tbomom
1000 1338 1110 1426 pretio

505 1438 656 1504 orationis
662 1439 787 1524 petiuit.

225 1553 321 1627 Rex¹
344 1570 461 1626 autem
483 1562 589 1627 talem
612 1562 771 1626 nuntium
791 1562 908 1627 debita
924 1582 1003 1626 cum
1023 1581 1125 1627 vene-
1137 1576 1211 1626 fleon

171 1663 308 1727 ratione
328 1662 521 1744 suscipiens
539 1668 574 1725 et
595 1681 634 1725 se
656 1662 700 1725 ad
723 1661 1017 1726 transfretandum
1039 1681 1125 1744 pree·
1137 1632 1252 1726 ffddfdddf

172 1780 317 1844 parans,
341 1761 496 1843 reginam
520 1760 667 1825 Alienor
693 1761 918 1843 reginamque
943 1761 1124 1842 Margare-

175 1869 261 1938 tam,
291 1860 400 1924 filium
430 1868 466 1924 et
490 1860 596 1924 filiam
625 1858 823 1924 Johannem
850 1867 886 1924 et
913 1859 1124 1938 Johannam,

175 1980 295 2024 secum
317 1959 487 2038 adduxit3
519 1959 680 2024 comitem
709 1978 846 2042 quoque
878 1958 1125 2041 Legecestren·

176 2079 248 2125 sem
275 2066 317 2122 et
347 2058 558 2123 comitissam
591 2058 747 2141 aliosque
773 2059 1006 2141 quamplures,
1035 2077 1123 2141 quos

176 2157 326 2228 habebat
345 2157 381 2222 in
403 2158 563 2234 vinculis,
585 2165 666 2222 ante
685 2157 806 2222 faciem
827 2177 926 2221 suam
945 2157 1124 2222 Barbeflu-

178 2258 271 2326 vium
302 2257 479 2339 praemisit,
511 2256 581 2335 ubi,
605 2258 753 2321 navibus
786 2257 1019 2346 congregatis,
1045 2276 1124 2322 cum

178 2357 359 2420 innumera
381 2362 592 2420 armatorum
618 2357 719 2438 copia
742 2357 890 2439 impiger
913 2375 1019 2421 naves
1041 2375 1124 2420 con·

179 2456 323 2532 scandit,
341 2456 401 2519 sed
418 2462 544 2520 ventus
562 2456 597 2518 in
619 2457 830 2519 contrarium
851 2455 992 2520 veniens
1011 2463 1125 2521 trans·

179 2555 264 2624 itum
292 2574 334 2619 eo
359 2553 415 2619 die
444 2555 559 2618 nantis
588 2555 752 2620 reddebat
777 2563 989 2637 suspectum.
1037 2554 1126 2620 Cum

180 2661 293 2720 autem
309 2672 405 2718 mare
421 2673 483 2717 rex
501 2654 737 2737 turbulentum
753 2655 986 2735 cognovisset,
1003 2655 1126 2719 erectis

181 2754 215 2816 in
245 2753 368 2817 caelum
390 2753 589 2830 luminibus,
611 2753 727 2835 palam
750 2754 883 2818 cunctis
911 2755 973 2832 ait,
1000 2759 1011 2790 ‘
1024 2754 1127 2818 Sica

182 2871 257 2934 quae
282 2852 327 2915 ad
349 2871 469 2934 pacem
496 2858 578 2916 sunt
603 2853 686 2916 cleri
712 2860 748 2916 et
776 2852 896 2935 populi
920 2852 1063 2917 babeam
1089 2852 1126 2916 in

182 2951 369 3034 proposito,
394 2952 425 3014 si
452 2971 572 3034 pacem
600 2951 635 3015 in
661 2951 813 3016 adventu
837 2971 913 3015 meo
940 2953 1022 3016 dare
1047 2952 1127 3016 Rex

182 3051 340 3114 coelorum
363 3050 584 3132 disposuerit,
606 3057 689 3114 tunc
714 3070 778 3132 pro
803 3070 867 3115 sna
892 3050 1128 3118 misericordia

181 3150 357 3230 indulgeat
380 3149 463 3213 mihi
485 3157 621 3232 portum
648 3150 791 3230 salutis3
814 3151 844 3215 si
869 3155 984 3214 autern
1007 3150 1127 3215 adver·

184 3268 241 3312 sus
259 3249 364 3313 luerit
382 3256 418 3313 et
440 3269 582 3331 regnum
601 3249 637 3313 in
655 3249 755 3331 virga
776 3250 902 3314 furoris
923 3249 1061 3332 Angliae
1076 3249 1126 3314 vi·

184 3349 285 3414 sitare
313 3349 514 3426 decreverit,
540 3367 715 3431 nunquam
740 3349 824 3413 mihi
851 3350 1018 3413 concedat
1041 3348 1127 3413 fines

185 3447 351 3530 attingere
379 3447 551 3530 regionis!
606 3447 772 3512 Oratione
798 3449 916 3531 itaque
944 3449 1127 3531 completa,

184 3547 256 3629 ipso
287 3546 341 3610 die
368 3547 556 3630 tranquilla
578 3547 800 3629 navigatione
828 3567 905 3612 curn
932 3568 1044 3612 rerum
1074 3548 1128 3612 in-

185 3646 368 3710 demnitate
384 3646 427 3710 ad
446 3653 585 3728 portum
603 3646 774 3710 Hamonis
791 3648 979 3729 applicuit3
1006 3647 1128 3712 deinde

183 3746 327 3826 inpane
344 3745 508 3829 jejunans
531 3753 564 3809 et
590 3765 682 3828 aqua
702 3747 746 3809 ab
768 3747 927 3828 ingressu
947 3747 1128 3811 civitatum

185 3843 358 3921 abstinuit,
386 3862 566 3927 quousque
587 3853 671 3909 vota
697 3846 893 3909 orationum
917 3846 1129 3927 persolveret

185 3959 296 4006 mente
318 3949 486 4024 concepta
507 3945 610 4008 beato
629 3943 785 4021 Thomae,
808 3943 1051 4008 Cantuariensi
1072 3963 1128 4007 ar-

187 4042 400 4124 chiepiscopo
434 4061 475 4105 ac
508 4044 652 4128 martyri
679 4043 841 4125 glorioso.
903 4042 991 4106 Cum
1014 4048 1129 4107 autem

235 4248 309 4300 ¹le
319 4246 423 4318 cutm]
436 4252 537 4315 Diceto,
545 4253 594 4304 col.
607 4256 672 4315 5⁷6;
690 4268 806 4314 compare
819 4253 969 4314 Quadrilog.
979 4269 1006 4315 p.
1020 4257 1076 4308 15⁰.
