3144 5180
417 545 556 595 anonas
583 545 854 596 msromnnun.
1039 529 1104 594 321

156 703 256 766 entiae
278 701 456 785 praecepit,
475 710 526 781 nt,
541 701 715 786 quicquid·
728 721 773 765 ex
793 702 844 765 eis
863 703 1103 786 suscepissem,
1116 718 1170 760 nn·
1182 721 1238 760 ¹1⁶⁶.

1116 769 1198 809 certer·

157 802 219 864 sibi
251 803 393 884 suisque
422 802 555 866 clericis
585 803 767 866 restituere
798 821 867 864 non
897 803 1101 868 omitterem.
1115 819 1225 910 pppggpgp

157 899 251 964 Hinc
277 908 332 965 est
361 901 451 982 quod
468 909 606 974 ,vestrae
636 900 841 964 sublimitati
864 902 1034 984 supplico,
1063 910 1102 967 ut
1226 881 1244 910 ⁸'

156 1001 347 1064 custodiam
375 1001 597 1064 ecclesiarum
627 999 869 1080 praedictarum
902 1000 974 1076 alii,
998 1009 1102 1083 prout

154 1099 316 1180 expedire
343 1099 511 1178 videritis,
541 1099 791 1178 committatis;
829 1099 976 1180 pecnnia
1004 1119 1103 1177 vero,

156 1216 257 1279 quam
281 1197 361 1262 inde
383 1199 508 1280 recepi,
533 1189 577 1261 ad
602 1197 771 1263 summam
794 1203 933 1260 centum
961 1204 996 1262 et
1022 1205 1100 1264 octo

153 1295 317 1360 librarum
367 1305 403 1360 et
443 1296 705 1378 quatuordecim
740 1296 928 1360 solidorum
968 1316 1100 1379 sexque

153 1394 368 1459 denariorum
393 1415 430 1462 se
458 1394 627 1472 extendit,
653 1413 757 1476 qnam
780 1401 861 1477 peto
886 1394 990 1459 liceat
1017 1396 1100 1462 mihi

152 1513 256 1575 penes
270 1494 419 1577 aliquem
435 1495 500 1558 sub
516 1500 594 1558 tuto
612 1513 790 1575 reponere,
807 1493 915 1557 donec
929 1493 1100 1558 Dominus

147 1592 356 1676 judicaverit
373 1594 416 1658 ad
437 1612 608 1676 quemres
631 1593 700 1656 ista
722 1592 853 1656 exitum
877 1592 1001 1658 debeat
1023 1612 1101 1674 per-

151 1690 309 1780 venires
369 1721 371 1726 2

166 1861 281 1926 Litore
296 1864 476 1930 Alexandri
484 1887 580 1954 pape
593 1867 638 1930 ad
657 1865 813 1946 Thamara,
832 1866 1083 1930 centauream

484 1965 757 2050 archiepiscopum.

221 2085 328 2151 Anno
373 2089 514 2153 Domini
562 2105 730 2154 mcnxvn.
769 2087 971 2154 Alexander
1007 2108 1099 2172 papa
1112 2108 1234 2148 nuno.

150 2184 306 2263 Thomas,
334 2185 577 2252 cantuariensi
602 2188 872 2270 archiepiscopo,
894 2187 1033 2270 scripsit
1062 2190 1097 2251 in
1110 2158 1233 2295 digiti*

148 2283 222 2348 haec
244 2285 371 2364 verba;
401 2279 739 2350 ¹‘Praedecessorum
764 2293 960 2350 nostrorum
986 2287 1098 2350 felicis
1110 2261 1132 2296 ⁸⁰
1158 2259 1225 2296 “m

149 2384 323 2448 memoriae
339 2383 520 2448 Paschalis
540 2393 576 2450 et
590 2385 739 2466 Eugenii
755 2384 992 2449 Romanorum
1014 2405 1098 2467 pon-

149 2481 280 2546 tificum
295 2483 452 2563 uestigiis
475 2483 695 2560 inhaerentes,
718 2490 790 2548 tam
813 2485 876 2548 tibi
898 2503 1003 2566 quam
1025 2484 1097 2556 tuis

147 2579 313 2662 legitimis
351 2583 607 2648 successoribus
645 2582 907 2647 Cantuariensis
941 2581 1097 2647 ecclesiae

148 2680 334 2760 primatum
363 2681 416 2744 ita
443 2681 544 2763 plene
573 2683 806 2759 concedimus,
832 2682 922 2745 sicut
953 2681 976 2746 a
1003 2680 1098 2744 Lan-

147 2777 267 2842 franco
297 2785 333 2842 et
358 2776 525 2843 Anselmo
554 2780 700 2862 aliisque
724 2781 878 2862 ipsorum
906 2780 1097 2862 praedeces-

148 2877 285 2941 soribus
301 2884 439 2942 constat
455 2878 560 2942 fuisse
573 2897 782 2961 possessum.
839 2878 1014 2960 Quicquid
1031 2881 1095 2942 eti·

148 2993 205 3039 am
226 2975 408 3058 dignitatis
422 2977 496 3042 sive
518 2978 702 3062 potestatis
718 2977 826 3041 eidem
850 2983 981 3041 sanctae
1004 2977 1096 3041 Can-

150 3074 317 3138 tuariensi
338 3076 493 3140 ecclesiae
515 3077 688 3158 pertinere
708 3076 923 3158 dignoscitur
941 3095 1097 3158 praesen-

148 3173 194 3238 tis
216 3173 339 3255 scripti
361 3175 490 3255 pagina
508 3174 762 3252 confirmamus,
784 3173 874 3237 sicut
893 3193 915 3237 a
932 3173 1095 3255 tempori-

147 3272 214 3340 bus
229 3272 323 3335 beati
337 3271 526 3354 Augustini
544 3275 813 3356 praedecessores
834 3279 915 3336 tuos
935 3271 1096 3335 habuisse

146 3369 350 3452 apostolicae
381 3372 473 3436 sedis
511 3374 719 3438 auctoritate
748 3367 909 3436 constat!
965 3368 1095 3434 Eodem

147 3488 241 3534 anno
290 3469 477 3547 Robertus,
520 3470 771 3535 Lincolniensis
812 3471 1006 3551 episcopus,
1042 3469 1097 3532 vir

66 3605 70 3612 ·
147 3587 287 3650 magnae
314 3567 531 3647 humilitatis,
553 3570 717 3651 migravit
740 3567 783 3633 ad
807 3568 995 3632 Dominum
1018 3587 1096 3650 sep·

146 3669 233 3731 timo
258 3665 426 3732 kalendas
452 3669 632 3732 Februarii
657 3667 794 3732 mensis
847 3665 978 3730 Eodem
1004 3685 1096 3730 anno

146 3759 294 3842 Simon,²
313 3766 408 3847 prior
429 3768 584 3831 ecclesiae
605 3767 718 3831 sancti
734 3763 876 3842 Albani,
899 3766 954 3829 die
974 3764 1095 3827 Domi·
1157 3843 1160 3850 Ι

146 3866 235 3928 nicae
262 3865 473 3928 ascensionis
500 3867 537 3928 in
566 3866 726 3930 abbatem
759 3864 914 3947 ejusdem
942 3863 1096 3925 ecclesiae

148 3963 281 4026 electus
307 3983 329 4026 a
349 3962 539 4040 Gileberto,
559 3964 791 4028 Londoniensi
815 3962 989 4042 episcopo,
1013 3967 1095 4022 ante

148 4062 263 4145 majus
287 4062 397 4125 altare
419 4061 513 4126 illins
539 4063 688 4126 coenobii
711 4069 765 4126 est
793 4059 993 4123 solemniter
1014 4078 1096 4121 con·

185 4233 430 4298 wascanorum]
452 4237 553 4300 Dicam,
563 4240 612 4289 col.
671 4234 803 4299 ’'Simm]
831 4235 874 4284 He
896 4234 956 4282 died
975 4235 1001 4281 in
1020 4225 1104 4293 11883'

146 4309 207 4356 546.
637 4320 680 4354 see
690 4306 730 4354 his
741 4305 785 4355 lise
796 4307 830 4366 hy
842 4304 927 4364 Paris,
937 4318 964 4363 p.
976 4307 1017 4356 91.

199 4397 276 4444 voc.
302 4396 338 4442 ιι.
686 4405 690 4412 ’
894 4454 899 4466 .
924 4395 950 4442 Y
