3104 5186
408 613 548 662 ruonns
572 613 841 666 ursroaraemr.
1056 603 1101 666 85

150 771 277 836 victum
311 775 348 836 et
375 772 616 837 alimentorum
640 774 770 858 copias,
796 774 833 838 in
857 781 1098 840 nocumentum
1111 793 1166 882 ff·
1179 795 1235 835 ror.

152 873 355 955 principum,
379 873 571 937 intulerunt
596 873 634 937 in
666 875 810 954 urbem3
844 881 882 938 at
912 874 1098 958 principes,
1111 845 1261 935 alm.

151 971 310 1034 adhibitis
333 972 376 1034 ad
394 972 507 1036 lacum
530 974 676 1037 navibus
697 980 732 1037 et
750 974 893 1037 armetis
915 974 1098 1056 impositis,

150 1071 312 1134 victualia
328 1071 463 1135 civibus
482 1072 741 1136 subtraxerunt.
782 1065 851 1136 ¹Ad
873 1073 995 1136 turrim
1012 1093 1098 1156 quo-

151 1189 210 1252 que
235 1170 426 1253 quendam,
454 1190 531 1252 quae
557 1180 632 1236 erat
656 1171 692 1234 in
717 1179 817 1254 parte
841 1172 987 1236 australi
1012 1173 1098 1238 civi·

149 1271 226 1332 tatis
258 1269 397 1333 ceeteris
425 1270 583 1334 omnibus
609 1270 813 1334 eminentior
836 1278 873 1336 et
893 1271 1028 1348 sortior,
1053 1273 1097 1336 ad

148 1369 429 1450 expugnandum,
446 1389 525 1432 cum
544 1371 659 1434 omnia
676 1370 860 1434 deficerent
882 1377 1097 1452 argumenta,

146 1469 281 1532 tandem
313 1468 542 1532 adhibuerunt
574 1469 791 1547 suffossores,
820 1471 881 1552 qui
911 1489 987 1534 eam
1017 1489 1096 1534 cum

146 1568 249 1631 multo
265 1567 386 1630 labore
407 1567 640 1645 suffodientes,
654 1575 690 1632 et
703 1568 828 1650 ligneis
849 1570 1003 1634 materiis
1019 1589 1096 1634 sus·

146 1674 332 1743 tentantes,
359 1667 539 1750 supposito
561 1668 640 1731 dein
662 1668 744 1749 igne
760 1687 830 1750 quo
852 1669 949 1750 ligne
970 1689 1095 1734 consu·

146 1774 331 1843 merentur,
353 1766 436 1829 dum
456 1767 601 1830 materie
620 1767 657 1830 in
680 1767 811 1830 cineres
833 1775 925 1831 esset
941 1768 1094 1846 redacta,

145 1866 245 1928 turris
262 1885 342 1928 cum
357 1872 455 1929 tanto
473 1865 609 1948 fragore
626 1866 768 1943 corruit,
782 1873 834 1944 ut,
850 1867 961 1931 instar
976 1875 1094 1932 terrae·

145 1973 268 2042 motus,
293 1965 505 2029 audientium
532 1965 637 2029 corda
664 1968 871 2048 perturbans
894 1987 963 2030 non
984 1967 1095 2031 modi-

146 2085 218 2126 cum
240 2063 416 2146 ingereret
437 2083 502 2128 sua
525 2065 625 2128 ruina
639 2071 817 2130 terrorem.
869 2063 926 2130 Ad
943 2067 1094 2131 sonitum

146 2165 249 2245 igitur
276 2170 384 2228 tantae
412 2164 533 2242 ruinae,
556 2165 718 2228 excitatae
750 2165 905 2246 legiones
930 2166 973 2229 ed
997 2185 1094 2230 erma

144 2264 340 2340 convolant,
361 2264 495 2327 animos
516 2270 656 2340 acuunt,
679 2265 779 2346 quasi
797 2265 915 2329 urbem
935 2266 1093 2348 protinus

140 2363 340 2444 ingressuri.

195 2537 245 2600 De
260 2535 401 2620 ceptione
414 2537 530 2600 Nicaea
544 2535 681 2601 ciuitatis
696 2545 725 2602 et
739 2537 777 2603 de
791 2536 1031 2603 impendeo

512 2636 717 2722 imperatoris.

199 2759 392 2826 Solimanni
419 2779 502 2824 vero
524 2781 625 2839 uxor,
648 2781 693 2826 ex
719 2761 824 2826 turris
847 2761 948 2824 ruina
969 2761 1005 2824 in
1031 2760 1090 2824 de·
1103 2780 1253 2832 srmone.

146 2861 375 2942 sperationem
392 2879 505 2936 versa,
524 2862 671 2925 navibus
697 2880 776 2924 cum
798 2861 871 2924 suis
893 2880 955 2942 per
977 2859 1091 2922 lacum

144 2959 288 3024 devecta
314 2961 357 3023 ab
377 2960 462 3022 urbe
484 2959 573 3023 clam
598 2959 784 3042 egreditur,
807 2960 867 3023 sed
892 2959 1013 3035 nostri,
1031 2960 1091 3040 qui

143 3060 175 3121 in
198 3060 279 3122 lacu
310 3065 410 3122 erant
437 3059 474 3121 in
502 3059 648 3123 navibus
675 3060 719 3123 ad
745 3059 996 3142 explorandum
1027 3059 1091 3122 im·

143 3159 248 3236 missi,
273 3158 463 3239 fugientem
485 3158 638 3240 capiunt,
662 3166 698 3222 et
718 3165 856 3241 captum
878 3158 1090 3240 principibus

143 3264 373 3338 praesentant;
401 3258 512 3339 captis
537 3258 644 3339 igitur
667 3277 745 3322 cum
768 3258 829 3320 illa
854 3257 988 3321 duobus
1010 3255 1090 3320 filiis

143 3357 210 3420 suis
228 3356 344 3420 adhuc
357 3356 505 3434 tenelliS,
523 3358 587 3419 sub
599 3345 699 3421 'arcta
713 3375 791 3420 cum
804 3363 915 3420 matre
932 3355 1090 3419 custodia

144 3456 362 3538 deputantur.
405 3456 490 3520 Dux
500 3456 705 3537 magnificus
716 3455 925 3520 Godefridus
937 3454 1090 3518 Turcum

143 3556 326 3637 quendam,
341 3555 400 3637 qui
420 3555 547 3618 multos
570 3575 617 3619 ex
632 3555 761 3620 nostris
781 3555 859 3618 telis
876 3553 1089 3629 confoderat,

142 3661 175 3717 et
198 3656 341 3736 insuper
366 3654 538 3737 principes
563 3656 677 3719 verbis
706 3654 880 3738 probrosis
908 3651 1089 3729 afficiebat,

142 3754 214 3818 visa
230 3754 503 3836 opportunitate,
521 3755 652 3835 sagitta
669 3754 809 3817 cerebro
825 3753 1012 3835 perforate,
1027 3770 1089 3815 ex·

142 3859 195 3915 tra
210 3873 349 3916 murum
364 3854 400 3915 in
422 3853 591 3917 fossatum
608 3854 821 3934 praecipitem
835 3851 938 3916 dedit.
990 3851 1090 3914 Tunc

142 3953 291 4035 undique
318 3971 438 4016 omnes
461 3952 505 4015 ed
528 3952 693 4016 insultum
717 3951 873 4029 animati,
893 3951 989 4014 lituis
1012 3970 1090 4032 per-

143 4051 372 4134 strepentibus
397 4058 431 4114 et
456 4051 561 4129 tubis,
593 4050 844 4134 aggrediuntur
864 4051 1006 4130 urbem;
1035 4069 1089 4112 re-

143 4150 253 4231 pletur
267 4171 327 4216 aer
342 4150 561 4229 clamoribus,
577 4171 647 4215 non
661 4157 809 4234 prosunt
824 4149 966 4214 inclusis
981 4147 1089 4229 sagit·

285 4405 292 4436 ¹
304 4407 347 4458 Ad
359 4408 449 4457 tumre
459 4401 577 4475 quoque]
596 4407 666 4458 Will.
676 4407 737 4468 Tyr.
750 4420 794 4468 pp.
806 4409 863 4469 669,
874 4407 933 4455 670.
