<?xml version="1.0" encoding="UTF-8"?>
<!DOCTYPE html PUBLIC "-//W3C//DTD XHTML 1.0 Transitional//EN"
    "http://www.w3.org/TR/xhtml1/DTD/xhtml1-transitional.dtd">
<html xmlns="http://www.w3.org/1999/xhtml" xml:lang="en" lang="en">
 <head>
  <title>
</title>
<meta http-equiv="Content-Type" content="text/html;charset=utf-8" />
  <meta name='ocr-system' content='tesseract 3.04.00' />
  <meta name='ocr-capabilities' content='ocr_page ocr_carea ocr_par ocr_line ocrx_word'/>
</head>
<body>
  <div class='ocr_page' id='page_1' title='image "./rogeridewendove07rogegoog_0235.png"; bbox 0 0 3138 5184; ppageno 0'>
   <div class='ocr_carea' id='block_1_1' title="bbox 451 565 1141 632">
    <p class='ocr_par' dir='ltr' id='par_1_1' title="bbox 451 565 1141 632">
     <span class='ocr_line' id='line_1_1' title="bbox 451 565 1141 632; baseline -0.009 0"><span class='ocrx_word' id='word_1_1' title='bbox 451 565 518 632; x_wconf 74' lang='lat'>228</span> <span class='ocrx_word' id='word_1_2' title='bbox 704 579 838 629; x_wconf 77' lang='lat' dir='ltr'>nonum</span> <span class='ocrx_word' id='word_1_3' title='bbox 864 580 910 627; x_wconf 86' lang='lat' dir='ltr'>uu</span> <span class='ocrx_word' id='word_1_4' title='bbox 935 578 1141 628; x_wconf 75' lang='lat' dir='ltr'>tvnuuovnn</span> 
     </span>
    </p>
   </div>
   <div class='ocr_carea' id='block_1_2' title="bbox 292 729 1483 3884">
    <p class='ocr_par' dir='ltr' id='par_1_2' title="bbox 292 729 1483 3884">
     <span class='ocr_line' id='line_1_2' title="bbox 293 729 1408 847; baseline -0.005 -44"><span class='ocrx_word' id='word_1_5' title='bbox 293 749 415 847; x_wconf 47' lang='lat'>3332240·</span> <span class='ocrx_word' id='word_1_6' title='bbox 455 741 555 824; x_wconf 93' lang='lat' dir='ltr'>cujus</span> <span class='ocrx_word' id='word_1_7' title='bbox 580 737 762 802; x_wconf 88' lang='lat' dir='ltr'>firmitates</span> <span class='ocrx_word' id='word_1_8' title='bbox 787 729 1028 819; x_wconf 87' lang='lat' dir='ltr'>¹Ranulphus,</span> <span class='ocrx_word' id='word_1_9' title='bbox 1057 735 1252 800; x_wconf 77' lang='lat' dir='ltr'><strong>cestrensis</strong></span> <span class='ocrx_word' id='word_1_10' title='bbox 1275 744 1408 812; x_wconf 85' lang='lat' dir='ltr'>comes,</span> 
     </span>
     <span class='ocr_line' id='line_1_3' title="bbox 292 834 1404 921; baseline -0.005 -19"><span class='ocrx_word' id='word_1_11' title='bbox 292 849 388 889; x_wconf 72' lang='lat' dir='ltr'>buroam.</span> <span class='ocrx_word' id='word_1_12' title='bbox 455 847 633 921; x_wconf 80' lang='lat' dir='ltr'>receperat</span> <span class='ocrx_word' id='word_1_13' title='bbox 651 838 755 919; x_wconf 89' lang='lat' dir='ltr'>paulo</span> <span class='ocrx_word' id='word_1_14' title='bbox 782 844 875 913; x_wconf 89' lang='lat' dir='ltr'>ante,</span> <span class='ocrx_word' id='word_1_15' title='bbox 891 837 951 918; x_wconf 91' lang='lat' dir='ltr'>qui</span> <span class='ocrx_word' id='word_1_16' title='bbox 971 855 1087 918; x_wconf 84' lang='lat' dir='ltr'>regem</span> <span class='ocrx_word' id='word_1_17' title='bbox 1111 834 1324 916; x_wconf 87' lang='lat' dir='ltr'>Stephanum</span> <span class='ocrx_word' id='word_1_18' title='bbox 1347 853 1404 896; x_wconf 89' lang='lat' dir='ltr'>ar-</span> 
     </span>
     <span class='ocr_line' id='line_1_4' title="bbox 455 933 1403 1016; baseline -0.007 -14"><span class='ocrx_word' id='word_1_19' title='bbox 455 939 529 1002; x_wconf 85' lang='lat' dir='ltr'>cuit</span> <span class='ocrx_word' id='word_1_20' title='bbox 545 956 567 1000; x_wconf 88' lang='lat' dir='ltr'>a</span> <span class='ocrx_word' id='word_1_21' title='bbox 583 935 736 1002; x_wconf 86' lang='lat' dir='ltr'>civitatis</span> <span class='ocrx_word' id='word_1_22' title='bbox 757 935 916 1016; x_wconf 87' lang='lat' dir='ltr'>ingressu</span> <span class='ocrx_word' id='word_1_23' title='bbox 933 953 1044 1016; x_wconf 87' lang='lat' dir='ltr'>usque</span> <span class='ocrx_word' id='word_1_24' title='bbox 1067 934 1111 996; x_wconf 94' lang='lat' dir='ltr'>ad</span> <span class='ocrx_word' id='word_1_25' title='bbox 1128 933 1403 1014; x_wconf 82' lang='lat' dir='ltr'>purificationem</span> 
     </span>
     <span class='ocr_line' id='line_1_5' title="bbox 456 1031 1404 1114; baseline -0.006 -14"><span class='ocrx_word' id='word_1_26' title='bbox 456 1044 586 1100; x_wconf 88' lang='lat' dir='ltr'>sauctae</span> <span class='ocrx_word' id='word_1_27' title='bbox 603 1036 738 1099; x_wconf 87' lang='lat' dir='ltr'>Mariae.</span> <span class='ocrx_word' id='word_1_28' title='bbox 789 1034 889 1097; x_wconf 84' lang='lat' dir='ltr'>Tunc</span> <span class='ocrx_word' id='word_1_29' title='bbox 909 1052 1024 1097; x_wconf 89' lang='lat' dir='ltr'>comes</span> <span class='ocrx_word' id='word_1_30' title='bbox 1043 1032 1210 1114; x_wconf 82' lang='lat' dir='ltr'>praelatus</span> <span class='ocrx_word' id='word_1_31' title='bbox 1232 1051 1310 1095; x_wconf 91' lang='lat' dir='ltr'>cum</span> <span class='ocrx_word' id='word_1_32' title='bbox 1326 1031 1404 1096; x_wconf 62' lang='lat' dir='ltr'>Roa</span> 
     </span>
     <span class='ocr_line' id='line_1_6' title="bbox 456 1130 1405 1214; baseline -0.006 -16"><span class='ocrx_word' id='word_1_33' title='bbox 456 1137 567 1211; x_wconf 89' lang='lat' dir='ltr'>berto,</span> <span class='ocrx_word' id='word_1_34' title='bbox 588 1134 660 1197; x_wconf 89' lang='lat' dir='ltr'>filio</span> <span class='ocrx_word' id='word_1_35' title='bbox 679 1133 773 1214; x_wconf 85' lang='lat' dir='ltr'>regis</span> <span class='ocrx_word' id='word_1_36' title='bbox 796 1131 942 1196; x_wconf 89' lang='lat' dir='ltr'>Henrici</span> <span class='ocrx_word' id='word_1_37' title='bbox 956 1139 993 1196; x_wconf 84' lang='lat' dir='ltr'>et</span> <span class='ocrx_word' id='word_1_38' title='bbox 1013 1132 1139 1194; x_wconf 80' lang='lat' dir='ltr'>comite</span> <span class='ocrx_word' id='word_1_39' title='bbox 1160 1130 1405 1206; x_wconf 86' lang='lat' dir='ltr'>Glovernensi,</span> 
     </span>
     <span class='ocr_line' id='line_1_7' title="bbox 457 1221 1483 1311; baseline -0.005 -14"><span class='ocrx_word' id='word_1_40' title='bbox 457 1253 577 1298; x_wconf 91' lang='lat' dir='ltr'>socero</span> <span class='ocrx_word' id='word_1_41' title='bbox 602 1253 678 1307; x_wconf 90' lang='lat' dir='ltr'>suo,</span> <span class='ocrx_word' id='word_1_42' title='bbox 702 1221 737 1296; x_wconf 87' lang='lat' dir='ltr'>et</span> <span class='ocrx_word' id='word_1_43' title='bbox 760 1232 884 1295; x_wconf 88' lang='lat' dir='ltr'>militia</span> <span class='ocrx_word' id='word_1_44' title='bbox 906 1250 1034 1311; x_wconf 76' lang='lat' dir='ltr'>magna</span> <span class='ocrx_word' id='word_1_45' title='bbox 1059 1231 1161 1293; x_wconf 91' lang='lat' dir='ltr'>nimis</span> <span class='ocrx_word' id='word_1_46' title='bbox 1187 1228 1404 1293; x_wconf 91' lang='lat' dir='ltr'>Lincolniam</span> <span class='ocrx_word' id='word_1_47' title='bbox 1479 1257 1483 1266; x_wconf 89' lang='lat'><em>·</em></span> 
     </span>
     <span class='ocr_line' id='line_1_8' title="bbox 457 1328 1404 1410; baseline -0.005 -14"><span class='ocrx_word' id='word_1_48' title='bbox 457 1333 567 1409; x_wconf 83' lang='lat' dir='ltr'>venit,</span> <span class='ocrx_word' id='word_1_49' title='bbox 582 1341 620 1396; x_wconf 90' lang='lat' dir='ltr'>ut</span> <span class='ocrx_word' id='word_1_50' title='bbox 642 1331 820 1395; x_wconf 87' lang='lat' dir='ltr'>obsidione</span> <span class='ocrx_word' id='word_1_51' title='bbox 842 1331 1004 1406; x_wconf 89' lang='lat' dir='ltr'>solveret,</span> <span class='ocrx_word' id='word_1_52' title='bbox 1026 1336 1131 1410; x_wconf 90' lang='lat' dir='ltr'>atque</span> <span class='ocrx_word' id='word_1_53' title='bbox 1150 1328 1311 1410; x_wconf 83' lang='lat' dir='ltr'>paludem</span> <span class='ocrx_word' id='word_1_54' title='bbox 1330 1329 1404 1391; x_wconf 83' lang='lat' dir='ltr'>lere</span> 
     </span>
     <span class='ocr_line' id='line_1_9' title="bbox 458 1426 1404 1510; baseline -0.002 -17"><span class='ocrx_word' id='word_1_55' title='bbox 458 1431 773 1495; x_wconf 84' lang='lat' dir='ltr'>intransmeabilem</span> <span class='ocrx_word' id='word_1_56' title='bbox 795 1429 961 1493; x_wconf 86' lang='lat' dir='ltr'>audacter</span> <span class='ocrx_word' id='word_1_57' title='bbox 983 1428 1156 1504; x_wconf 88' lang='lat' dir='ltr'>transivit,</span> <span class='ocrx_word' id='word_1_58' title='bbox 1179 1435 1213 1491; x_wconf 87' lang='lat' dir='ltr'>et</span> <span class='ocrx_word' id='word_1_59' title='bbox 1238 1426 1316 1510; x_wconf 92' lang='lat' dir='ltr'>ipsa</span> <span class='ocrx_word' id='word_1_60' title='bbox 1334 1427 1404 1504; x_wconf 91' lang='lat' dir='ltr'>die,</span> 
     </span>
     <span class='ocr_line' id='line_1_10' title="bbox 458 1519 1405 1610; baseline -0.002 -18"><span class='ocrx_word' id='word_1_61' title='bbox 458 1531 597 1592; x_wconf 88' lang='lat' dir='ltr'>aciebus</span> <span class='ocrx_word' id='word_1_62' title='bbox 629 1528 819 1610; x_wconf 88' lang='lat' dir='ltr'>dispositis,</span> <span class='ocrx_word' id='word_1_63' title='bbox 850 1529 925 1609; x_wconf 86' lang='lat' dir='ltr'>regi</span> <span class='ocrx_word' id='word_1_64' title='bbox 955 1527 1082 1590; x_wconf 92' lang='lat' dir='ltr'>bellum</span> <span class='ocrx_word' id='word_1_65' title='bbox 1111 1519 1250 1590; x_wconf 78' lang='lat' dir='ltr'>indixit.</span> <span class='ocrx_word' id='word_1_66' title='bbox 1320 1526 1405 1608; x_wconf 88' lang='lat' dir='ltr'>Ipse</span> 
     </span>
     <span class='ocr_line' id='line_1_11' title="bbox 459 1625 1405 1706; baseline -0.002 -16"><span class='ocrx_word' id='word_1_67' title='bbox 459 1635 573 1691; x_wconf 90' lang='lat' dir='ltr'>autem</span> <span class='ocrx_word' id='word_1_68' title='bbox 599 1647 677 1691; x_wconf 92' lang='lat' dir='ltr'>cum</span> <span class='ocrx_word' id='word_1_69' title='bbox 706 1627 791 1705; x_wconf 91' lang='lat' dir='ltr'>suis,</span> <span class='ocrx_word' id='word_1_70' title='bbox 818 1634 857 1690; x_wconf 91' lang='lat' dir='ltr'>ut</span> <span class='ocrx_word' id='word_1_71' title='bbox 886 1627 955 1691; x_wconf 84' lang='lat' dir='ltr'>vir.</span> <span class='ocrx_word' id='word_1_72' title='bbox 970 1625 1180 1689; x_wconf 86' lang='lat' dir='ltr'>admirandae</span> <span class='ocrx_word' id='word_1_73' title='bbox 1206 1625 1405 1706; x_wconf 89' lang='lat' dir='ltr'>probitatis,</span> 
     </span>
     <span class='ocr_line' id='line_1_12' title="bbox 459 1723 1404 1808; baseline -0.002 -18"><span class='ocrx_word' id='word_1_74' title='bbox 459 1728 566 1790; x_wconf 88' lang='lat' dir='ltr'>aciem</span> <span class='ocrx_word' id='word_1_75' title='bbox 584 1727 730 1808; x_wconf 90' lang='lat' dir='ltr'>primam</span> <span class='ocrx_word' id='word_1_76' title='bbox 749 1725 916 1789; x_wconf 87' lang='lat' dir='ltr'>conduxit</span> <span class='ocrx_word' id='word_1_77' title='bbox 924 1745 936 1804; x_wconf 77' lang='grc' dir='ltr'>,ς</span> <span class='ocrx_word' id='word_1_78' title='bbox 954 1725 1139 1788; x_wconf 89' lang='lat' dir='ltr'>secundam</span> <span class='ocrx_word' id='word_1_79' title='bbox 1158 1723 1221 1800; x_wconf 93' lang='lat' dir='ltr'>illi,</span> <span class='ocrx_word' id='word_1_80' title='bbox 1237 1742 1324 1806; x_wconf 89' lang='lat' dir='ltr'>quos</span> <span class='ocrx_word' id='word_1_81' title='bbox 1339 1743 1404 1788; x_wconf 89' lang='lat' dir='ltr'>rex</span> 
     </span>
     <span class='ocr_line' id='line_1_13' title="bbox 459 1822 1407 1907; baseline -0.004 -19"><span class='ocrx_word' id='word_1_82' title='bbox 459 1825 656 1907; x_wconf 88' lang='lat' dir='ltr'>Stephanus</span> <span class='ocrx_word' id='word_1_83' title='bbox 682 1825 927 1901; x_wconf 84' lang='lat' dir='ltr'>exsulaverat;</span> <span class='ocrx_word' id='word_1_84' title='bbox 959 1823 1096 1887; x_wconf 88' lang='lat' dir='ltr'>tertiam</span> <span class='ocrx_word' id='word_1_85' title='bbox 1116 1841 1230 1886; x_wconf 89' lang='lat' dir='ltr'>comes</span> <span class='ocrx_word' id='word_1_86' title='bbox 1255 1822 1407 1886; x_wconf 87' lang='lat' dir='ltr'>Glover-</span> 
     </span>
     <span class='ocr_line' id='line_1_14' title="bbox 460 1921 1404 2004; baseline 0 -19"><span class='ocrx_word' id='word_1_87' title='bbox 460 1925 576 1986; x_wconf 87' lang='lat' dir='ltr'>nensis</span> <span class='ocrx_word' id='word_1_88' title='bbox 593 1924 768 1987; x_wconf 90' lang='lat' dir='ltr'>Robertus</span> <span class='ocrx_word' id='word_1_89' title='bbox 788 1943 866 1986; x_wconf 88' lang='lat' dir='ltr'>cum</span> <span class='ocrx_word' id='word_1_90' title='bbox 880 1923 953 1987; x_wconf 91' lang='lat' dir='ltr'>suis</span> <span class='ocrx_word' id='word_1_91' title='bbox 970 1924 1124 2004; x_wconf 85' lang='lat' dir='ltr'>regebat.</span> <span class='ocrx_word' id='word_1_92' title='bbox 1174 1921 1254 1984; x_wconf 87' lang='lat' dir='ltr'>Rex</span> <span class='ocrx_word' id='word_1_93' title='bbox 1268 1922 1404 1985; x_wconf 87' lang='lat' dir='ltr'>interea</span> 
     </span>
     <span class='ocr_line' id='line_1_15' title="bbox 409 2019 1409 2105; baseline -0.001 -20"><span class='ocrx_word' id='word_1_94' title='bbox 409 2093 413 2100; x_wconf 19' lang='lat'><strong>⁴</strong></span> <span class='ocrx_word' id='word_1_95' title='bbox 460 2022 657 2105; x_wconf 87' lang='lat' dir='ltr'>Stephanus</span> <span class='ocrx_word' id='word_1_96' title='bbox 679 2022 819 2085; x_wconf 91' lang='lat' dir='ltr'>missam</span> <span class='ocrx_word' id='word_1_97' title='bbox 842 2023 998 2087; x_wconf 90' lang='lat' dir='ltr'>intanta</span> <span class='ocrx_word' id='word_1_98' title='bbox 1020 2019 1239 2084; x_wconf 85' lang='lat' dir='ltr'>solemnitate</span> <span class='ocrx_word' id='word_1_99' title='bbox 1254 2020 1409 2084; x_wconf 76' lang='lat' dir='ltr'>dovotus·</span> 
     </span>
     <span class='ocr_line' id='line_1_16' title="bbox 459 2114 1407 2200; baseline -0.001 -16"><span class='ocrx_word' id='word_1_100' title='bbox 459 2122 604 2198; x_wconf 89' lang='lat' dir='ltr'>audivit,</span> <span class='ocrx_word' id='word_1_101' title='bbox 622 2121 681 2184; x_wconf 93' lang='lat' dir='ltr'>ubi</span> <span class='ocrx_word' id='word_1_102' title='bbox 702 2140 782 2184; x_wconf 90' lang='lat' dir='ltr'>cnm</span> <span class='ocrx_word' id='word_1_103' title='bbox 802 2120 845 2184; x_wconf 93' lang='lat' dir='ltr'>de</span> <span class='ocrx_word' id='word_1_104' title='bbox 864 2140 958 2184; x_wconf 91' lang='lat' dir='ltr'>more</span> <span class='ocrx_word' id='word_1_105' title='bbox 974 2114 1140 2196; x_wconf 71' lang='lat' dir='ltr'>&#39;cereum</span> <span class='ocrx_word' id='word_1_106' title='bbox 1159 2119 1255 2200; x_wconf 85' lang='lat' dir='ltr'>regio</span> <span class='ocrx_word' id='word_1_107' title='bbox 1275 2119 1407 2184; x_wconf 91' lang='lat' dir='ltr'>honore</span> 
     </span>
     <span class='ocr_line' id='line_1_17' title="bbox 457 2217 1405 2302; baseline 0 -20"><span class='ocrx_word' id='word_1_108' title='bbox 457 2220 612 2302; x_wconf 85' lang='lat' dir='ltr'>dignum,</span> <span class='ocrx_word' id='word_1_109' title='bbox 631 2220 708 2284; x_wconf 92' lang='lat' dir='ltr'>Deo</span> <span class='ocrx_word' id='word_1_110' title='bbox 724 2219 869 2282; x_wconf 88' lang='lat' dir='ltr'>offerens</span> <span class='ocrx_word' id='word_1_111' title='bbox 892 2220 1049 2282; x_wconf 90' lang='lat' dir='ltr'>manibus</span> <span class='ocrx_word' id='word_1_112' title='bbox 1063 2217 1255 2283; x_wconf 81' lang='lat' dir='ltr'>Alexandri</span> <span class='ocrx_word' id='word_1_113' title='bbox 1269 2219 1405 2300; x_wconf 90' lang='lat' dir='ltr'>episco-</span> 
     </span>
     <span class='ocr_line' id='line_1_18' title="bbox 458 2310 1404 2402; baseline -0.002 -20"><span class='ocrx_word' id='word_1_114' title='bbox 458 2319 495 2401; x_wconf 93' lang='lat' dir='ltr'>pi</span> <span class='ocrx_word' id='word_1_115' title='bbox 510 2320 714 2402; x_wconf 89' lang='lat' dir='ltr'>imponeret,</span> <span class='ocrx_word' id='word_1_116' title='bbox 736 2319 852 2382; x_wconf 92' lang='lat' dir='ltr'>subito</span> <span class='ocrx_word' id='word_1_117' title='bbox 870 2310 1065 2382; x_wconf 82' lang='lat' dir='ltr'>confractus</span> <span class='ocrx_word' id='word_1_118' title='bbox 1085 2325 1139 2382; x_wconf 89' lang='lat' dir='ltr'>est</span> <span class='ocrx_word' id='word_1_119' title='bbox 1158 2325 1194 2380; x_wconf 91' lang='lat' dir='ltr'>et</span> <span class='ocrx_word' id='word_1_120' title='bbox 1216 2317 1404 2394; x_wconf 87' lang='lat' dir='ltr'>extinctus,</span> 
     </span>
     <span class='ocr_line' id='line_1_19' title="bbox 459 2416 1403 2500; baseline -0.002 -18"><span class='ocrx_word' id='word_1_121' title='bbox 459 2419 551 2500; x_wconf 90' lang='lat' dir='ltr'>quod</span> <span class='ocrx_word' id='word_1_122' title='bbox 564 2420 638 2499; x_wconf 84' lang='lat' dir='ltr'>regi</span> <span class='ocrx_word' id='word_1_123' title='bbox 653 2417 869 2482; x_wconf 88' lang='lat' dir='ltr'>contritionis</span> <span class='ocrx_word' id='word_1_124' title='bbox 887 2416 1024 2498; x_wconf 85' lang='lat' dir='ltr'>signum</span> <span class='ocrx_word' id='word_1_125' title='bbox 1040 2417 1129 2495; x_wconf 89' lang='lat' dir='ltr'>fuit;</span> <span class='ocrx_word' id='word_1_126' title='bbox 1157 2417 1281 2480; x_wconf 87' lang='lat' dir='ltr'>cecidit</span> <span class='ocrx_word' id='word_1_127' title='bbox 1297 2417 1403 2480; x_wconf 87' lang='lat' dir='ltr'>etiam</span> 
     </span>
     <span class='ocr_line' id='line_1_20' title="bbox 459 2514 1403 2597; baseline 0 -17"><span class='ocrx_word' id='word_1_128' title='bbox 459 2536 563 2597; x_wconf 88' lang='lat' dir='ltr'>super</span> <span class='ocrx_word' id='word_1_129' title='bbox 595 2517 705 2580; x_wconf 92' lang='lat' dir='ltr'>altare</span> <span class='ocrx_word' id='word_1_130' title='bbox 738 2516 947 2579; x_wconf 86' lang='lat' dir='ltr'>eucharistia</span> <span class='ocrx_word' id='word_1_131' title='bbox 975 2535 1055 2579; x_wconf 88' lang='lat' dir='ltr'>cum</span> <span class='ocrx_word' id='word_1_132' title='bbox 1083 2534 1225 2597; x_wconf 90' lang='lat' dir='ltr'>corpore</span> <span class='ocrx_word' id='word_1_133' title='bbox 1260 2514 1403 2594; x_wconf 84' lang='lat' dir='ltr'>Christi,</span> 
     </span>
     <span class='ocr_line' id='line_1_21' title="bbox 458 2614 1405 2696; baseline 0.001 -18"><span class='ocrx_word' id='word_1_134' title='bbox 458 2623 561 2696; x_wconf 90' lang='lat' dir='ltr'>rupto</span> <span class='ocrx_word' id='word_1_135' title='bbox 583 2615 654 2691; x_wconf 88' lang='lat' dir='ltr'>iilo,</span> <span class='ocrx_word' id='word_1_136' title='bbox 677 2623 847 2696; x_wconf 86' lang='lat' dir='ltr'>praesente</span> <span class='ocrx_word' id='word_1_137' title='bbox 868 2614 1042 2696; x_wconf 86' lang='lat' dir='ltr'>episcopo,</span> <span class='ocrx_word' id='word_1_138' title='bbox 1059 2614 1151 2696; x_wconf 94' lang='lat' dir='ltr'>quod</span> <span class='ocrx_word' id='word_1_139' title='bbox 1170 2614 1276 2695; x_wconf 80' lang='lat' dir='ltr'>regiae</span> <span class='ocrx_word' id='word_1_140' title='bbox 1292 2615 1405 2679; x_wconf 87' lang='lat' dir='ltr'>ruinae</span> 
     </span>
     <span class='ocr_line' id='line_1_22' title="bbox 457 2712 1403 2796; baseline 0.001 -21"><span class='ocrx_word' id='word_1_141' title='bbox 457 2713 692 2796; x_wconf 87' lang='lat' dir='ltr'>pronosticum</span> <span class='ocrx_word' id='word_1_142' title='bbox 719 2721 805 2780; x_wconf 90' lang='lat' dir='ltr'>erat.</span> <span class='ocrx_word' id='word_1_143' title='bbox 872 2713 983 2777; x_wconf 91' lang='lat' dir='ltr'>Porro</span> <span class='ocrx_word' id='word_1_144' title='bbox 1006 2732 1069 2776; x_wconf 84' lang='lat' dir='ltr'>rex</span> <span class='ocrx_word' id='word_1_145' title='bbox 1092 2712 1298 2794; x_wconf 86' lang='lat' dir='ltr'>magnificus</span> <span class='ocrx_word' id='word_1_146' title='bbox 1323 2733 1403 2776; x_wconf 89' lang='lat' dir='ltr'>cum</span> 
     </span>
     <span class='ocr_line' id='line_1_23' title="bbox 457 2812 1404 2894; baseline 0.002 -20"><span class='ocrx_word' id='word_1_147' title='bbox 457 2832 592 2876; x_wconf 90' lang='lat' dir='ltr'>summa</span> <span class='ocrx_word' id='word_1_148' title='bbox 616 2813 848 2876; x_wconf 90' lang='lat' dir='ltr'>sollicitudine</span> <span class='ocrx_word' id='word_1_149' title='bbox 875 2813 967 2876; x_wconf 89' lang='lat' dir='ltr'>acies</span> <span class='ocrx_word' id='word_1_150' title='bbox 992 2813 1174 2893; x_wconf 83' lang='lat' dir='ltr'>disposuit,</span> <span class='ocrx_word' id='word_1_151' title='bbox 1199 2812 1274 2894; x_wconf 89' lang='lat' dir='ltr'>ipse</span> <span class='ocrx_word' id='word_1_152' title='bbox 1297 2813 1404 2894; x_wconf 91' lang='lat' dir='ltr'>pedes</span> 
     </span>
     <span class='ocr_line' id='line_1_24' title="bbox 457 2911 1405 2988; baseline 0.001 -14"><span class='ocrx_word' id='word_1_153' title='bbox 457 2929 594 2975; x_wconf 91' lang='lat' dir='ltr'>omnem</span> <span class='ocrx_word' id='word_1_154' title='bbox 604 2911 827 2975; x_wconf 90' lang='lat' dir='ltr'>loricatorum</span> <span class='ocrx_word' id='word_1_155' title='bbox 838 2911 1094 2975; x_wconf 90' lang='lat' dir='ltr'>multitudinem</span> <span class='ocrx_word' id='word_1_156' title='bbox 1107 2911 1199 2974; x_wconf 91' lang='lat' dir='ltr'>circa</span> <span class='ocrx_word' id='word_1_157' title='bbox 1210 2930 1260 2988; x_wconf 90' lang='lat' dir='ltr'>se,</span> <span class='ocrx_word' id='word_1_158' title='bbox 1273 2911 1405 2976; x_wconf 90' lang='lat' dir='ltr'>abduc-</span> 
     </span>
     <span class='ocr_line' id='line_1_25' title="bbox 457 3002 1406 3092; baseline -0.001 -19"><span class='ocrx_word' id='word_1_159' title='bbox 457 3011 502 3073; x_wconf 91' lang='lat' dir='ltr'>tis</span> <span class='ocrx_word' id='word_1_160' title='bbox 517 3011 627 3092; x_wconf 76' lang='lat' dir='ltr'>equiS,</span> <span class='ocrx_word' id='word_1_161' title='bbox 644 3011 910 3074; x_wconf 89' lang='lat' dir='ltr'>instructissime</span> <span class='ocrx_word' id='word_1_162' title='bbox 932 3007 1128 3086; x_wconf 87' lang='lat' dir='ltr'>collocavit,</span> <span class='ocrx_word' id='word_1_163' title='bbox 1153 3010 1311 3073; x_wconf 89' lang='lat' dir='ltr'>consules</span> <span class='ocrx_word' id='word_1_164' title='bbox 1329 3002 1406 3074; x_wconf 90' lang='lat' dir='ltr'>om·</span> 
     </span>
     <span class='ocr_line' id='line_1_26' title="bbox 457 3109 1404 3191; baseline 0.003 -21"><span class='ocrx_word' id='word_1_165' title='bbox 457 3128 518 3171; x_wconf 91' lang='lat' dir='ltr'>nes</span> <span class='ocrx_word' id='word_1_166' title='bbox 538 3129 618 3172; x_wconf 89' lang='lat' dir='ltr'>cum</span> <span class='ocrx_word' id='word_1_167' title='bbox 639 3110 712 3172; x_wconf 91' lang='lat' dir='ltr'>suis</span> <span class='ocrx_word' id='word_1_168' title='bbox 741 3109 776 3171; x_wconf 92' lang='lat' dir='ltr'>in</span> <span class='ocrx_word' id='word_1_169' title='bbox 802 3109 936 3173; x_wconf 89' lang='lat' dir='ltr'>duabus</span> <span class='ocrx_word' id='word_1_170' title='bbox 958 3109 1098 3172; x_wconf 88' lang='lat' dir='ltr'>aciebus</span> <span class='ocrx_word' id='word_1_171' title='bbox 1127 3109 1224 3191; x_wconf 84' lang='lat' dir='ltr'>equis</span> <span class='ocrx_word' id='word_1_172' title='bbox 1250 3110 1404 3174; x_wconf 91' lang='lat' dir='ltr'>instituit</span> 
     </span>
     <span class='ocr_line' id='line_1_27' title="bbox 456 3200 1405 3289; baseline 0.005 -21"><span class='ocrx_word' id='word_1_173' title='bbox 456 3215 684 3289; x_wconf 84' lang='lat' dir='ltr'>pugnaturos,</span> <span class='ocrx_word' id='word_1_174' title='bbox 709 3200 787 3270; x_wconf 80' lang='lat' dir='ltr'>³sed</span> <span class='ocrx_word' id='word_1_175' title='bbox 811 3209 904 3271; x_wconf 87' lang='lat' dir='ltr'>acies</span> <span class='ocrx_word' id='word_1_176' title='bbox 928 3227 1045 3270; x_wconf 89' lang='lat' dir='ltr'>eorum</span> <span class='ocrx_word' id='word_1_177' title='bbox 1068 3206 1253 3270; x_wconf 90' lang='lat' dir='ltr'>admodum</span> <span class='ocrx_word' id='word_1_178' title='bbox 1284 3227 1405 3289; x_wconf 89' lang='lat' dir='ltr'>parvae</span> 
     </span>
     <span class='ocr_line' id='line_1_28' title="bbox 457 3306 1404 3388; baseline 0.004 -20"><span class='ocrx_word' id='word_1_179' title='bbox 457 3307 646 3370; x_wconf 86' lang='lat' dir='ltr'>existentes</span> <span class='ocrx_word' id='word_1_180' title='bbox 683 3325 813 3388; x_wconf 89' lang='lat' dir='ltr'>paucos</span> <span class='ocrx_word' id='word_1_181' title='bbox 851 3326 966 3371; x_wconf 88' lang='lat' dir='ltr'>secum</span> <span class='ocrx_word' id='word_1_182' title='bbox 1000 3306 1072 3370; x_wconf 89' lang='lat' dir='ltr'>ficti</span> <span class='ocrx_word' id='word_1_183' title='bbox 1107 3314 1143 3370; x_wconf 91' lang='lat' dir='ltr'>et</span> <span class='ocrx_word' id='word_1_184' title='bbox 1178 3306 1314 3370; x_wconf 85' lang='lat' dir='ltr'>factiosi</span> <span class='ocrx_word' id='word_1_185' title='bbox 1343 3327 1404 3372; x_wconf 90' lang='lat' dir='ltr'>co-</span> 
     </span>
     <span class='ocr_line' id='line_1_29' title="bbox 457 3405 1405 3486; baseline 0.003 -19"><span class='ocrx_word' id='word_1_186' title='bbox 457 3406 557 3469; x_wconf 89' lang='lat' dir='ltr'>mites</span> <span class='ocrx_word' id='word_1_187' title='bbox 585 3406 800 3484; x_wconf 85' lang='lat' dir='ltr'>habuerunt3</span> <span class='ocrx_word' id='word_1_188' title='bbox 833 3406 924 3468; x_wconf 89' lang='lat' dir='ltr'>acies</span> <span class='ocrx_word' id='word_1_189' title='bbox 949 3412 1065 3469; x_wconf 90' lang='lat' dir='ltr'>tamen</span> <span class='ocrx_word' id='word_1_190' title='bbox 1093 3405 1219 3486; x_wconf 86' lang='lat' dir='ltr'>regalis</span> <span class='ocrx_word' id='word_1_191' title='bbox 1248 3406 1405 3470; x_wconf 85' lang='lat' dir='ltr'>maxima</span> 
     </span>
     <span class='ocr_line' id='line_1_30' title="bbox 435 3495 1405 3587; baseline 0.003 -21"><span class='ocrx_word' id='word_1_192' title='bbox 435 3495 444 3528; x_wconf 77' lang='grc'>’·</span> <span class='ocrx_word' id='word_1_193' title='bbox 456 3512 542 3580; x_wconf 90' lang='lat' dir='ltr'>erat,</span> <span class='ocrx_word' id='word_1_194' title='bbox 558 3506 660 3568; x_wconf 90' lang='lat' dir='ltr'>unico</span> <span class='ocrx_word' id='word_1_195' title='bbox 677 3504 807 3569; x_wconf 87' lang='lat' dir='ltr'>vexillo</span> <span class='ocrx_word' id='word_1_196' title='bbox 822 3504 1035 3567; x_wconf 91' lang='lat' dir='ltr'>solummodo</span> <span class='ocrx_word' id='word_1_197' title='bbox 1050 3503 1226 3585; x_wconf 83' lang='lat' dir='ltr'>insignita.</span> <span class='ocrx_word' id='word_1_198' title='bbox 1253 3503 1296 3567; x_wconf 89' lang='lat' dir='ltr'>ln</span> <span class='ocrx_word' id='word_1_199' title='bbox 1308 3507 1405 3587; x_wconf 91' lang='lat' dir='ltr'>prin-</span> 
     </span>
     <span class='ocr_line' id='line_1_31' title="bbox 456 3602 1409 3694; baseline 0.004 -31"><span class='ocrx_word' id='word_1_200' title='bbox 456 3602 546 3683; x_wconf 92' lang='lat' dir='ltr'>cipio</span> <span class='ocrx_word' id='word_1_201' title='bbox 573 3611 689 3666; x_wconf 92' lang='lat' dir='ltr'>autem</span> <span class='ocrx_word' id='word_1_202' title='bbox 715 3622 855 3684; x_wconf 84' lang='lat' dir='ltr'>pugnae,</span> <span class='ocrx_word' id='word_1_203' title='bbox 880 3603 971 3666; x_wconf 88' lang='lat' dir='ltr'>acies</span> <span class='ocrx_word' id='word_1_204' title='bbox 996 3602 1409 3694; x_wconf 78' lang='lat' dir='ltr'>exhaeredatorum,un</span> 
     </span>
     <span class='ocr_line' id='line_1_32' title="bbox 455 3701 1406 3785; baseline 0.006 -23"><span class='ocrx_word' id='word_1_205' title='bbox 455 3701 612 3781; x_wconf 89' lang='lat' dir='ltr'>praeibat,</span> <span class='ocrx_word' id='word_1_206' title='bbox 636 3703 745 3765; x_wconf 90' lang='lat' dir='ltr'>aciem</span> <span class='ocrx_word' id='word_1_207' title='bbox 771 3702 942 3783; x_wconf 87' lang='lat' dir='ltr'>percussit</span> <span class='ocrx_word' id='word_1_208' title='bbox 966 3702 1130 3782; x_wconf 84' lang='lat' dir='ltr'>regalem,</span> <span class='ocrx_word' id='word_1_209' title='bbox 1151 3702 1281 3785; x_wconf 91' lang='lat' dir='ltr'>inqua</span> <span class='ocrx_word' id='word_1_210' title='bbox 1303 3713 1406 3769; x_wconf 87' lang='lat' dir='ltr'>erant</span> 
     </span>
     <span class='ocr_line' id='line_1_33' title="bbox 453 3799 1406 3884; baseline 0.007 -23"><span class='ocrx_word' id='word_1_211' title='bbox 453 3817 568 3862; x_wconf 86' lang='lat' dir='ltr'>eomes</span> <span class='ocrx_word' id='word_1_212' title='bbox 579 3799 727 3876; x_wconf 84' lang='lat' dir='ltr'>Alanus,</span> <span class='ocrx_word' id='word_1_213' title='bbox 741 3820 857 3863; x_wconf 88' lang='lat' dir='ltr'>comes</span> <span class='ocrx_word' id='word_1_214' title='bbox 870 3800 1047 3864; x_wconf 88' lang='lat' dir='ltr'>Robertus</span> <span class='ocrx_word' id='word_1_215' title='bbox 1062 3801 1105 3864; x_wconf 91' lang='lat' dir='ltr'>de</span> <span class='ocrx_word' id='word_1_216' title='bbox 1118 3799 1282 3876; x_wconf 89' lang='lat' dir='ltr'>Meslent,</span> <span class='ocrx_word' id='word_1_217' title='bbox 1293 3801 1406 3884; x_wconf 85' lang='lat' dir='ltr'>Hugo</span> 
     </span>
    </p>
   </div>
   <div class='ocr_carea' id='block_1_3' title="bbox 450 3991 1410 4125">
    <p class='ocr_par' dir='ltr' id='par_1_3' title="bbox 450 3991 1410 4125">
     <span class='ocr_line' id='line_1_34' title="bbox 460 3991 1406 4056; baseline 0 -14"><span class='ocrx_word' id='word_1_218' title='bbox 460 4047 463 4054; x_wconf 48' lang='grc'>,</span> <span class='ocrx_word' id='word_1_219' title='bbox 487 3991 684 4056; x_wconf 76' lang='lat' dir='ltr'>&#39;Runulphua.]</span> <span class='ocrx_word' id='word_1_220' title='bbox 701 3992 817 4043; x_wconf 89' lang='lat' dir='ltr'>Orderio.</span> <span class='ocrx_word' id='word_1_221' title='bbox 834 3993 914 4042; x_wconf 88' lang='lat' dir='ltr'>Vital.</span> <span class='ocrx_word' id='word_1_222' title='bbox 940 3996 1095 4052; x_wconf 83' lang='lat' dir='ltr'>paruonmt;</span> <span class='ocrx_word' id='word_1_223' title='bbox 1117 4005 1214 4050; x_wconf 84' lang='lat' dir='ltr'>paucos</span> <span class='ocrx_word' id='word_1_224' title='bbox 1233 3992 1300 4039; x_wconf 87' lang='lat' dir='ltr'>enim</span> <span class='ocrx_word' id='word_1_225' title='bbox 1316 4005 1406 4042; x_wconf 84' lang='lat' dir='ltr'>secum</span> 
     </span>
     <span class='ocr_line' id='line_1_35' title="bbox 450 4059 1410 4125; baseline 0 -13"><span class='ocrx_word' id='word_1_226' title='bbox 450 4079 477 4125; x_wconf 86' lang='lat' dir='ltr'>p.</span> <span class='ocrx_word' id='word_1_227' title='bbox 488 4067 552 4123; x_wconf 80' lang='lat'>9213</span> <span class='ocrx_word' id='word_1_228' title='bbox 571 4062 717 4123; x_wconf 78' lang='lat' dir='ltr'>Huutingd.</span> <span class='ocrx_word' id='word_1_229' title='bbox 729 4078 755 4123; x_wconf 89' lang='lat' dir='ltr'>p.</span> <span class='ocrx_word' id='word_1_230' title='bbox 768 4065 825 4112; x_wconf 72' lang='grc'><strong>390.</strong></span> <span class='ocrx_word' id='word_1_231' title='bbox 939 4061 991 4109; x_wconf 85' lang='lat' dir='ltr'>ficti</span> <span class='ocrx_word' id='word_1_232' title='bbox 1002 4065 1028 4108; x_wconf 90' lang='lat' dir='ltr'>et</span> <span class='ocrx_word' id='word_1_233' title='bbox 1043 4059 1143 4108; x_wconf 80' lang='lat' dir='ltr'>factiosi</span> <span class='ocrx_word' id='word_1_234' title='bbox 1155 4061 1271 4110; x_wconf 85' lang='lat' dir='ltr'>consules</span> <span class='ocrx_word' id='word_1_235' title='bbox 1288 4060 1410 4112; x_wconf 83' lang='lat' dir='ltr'>adduxe·</span> 
     </span>
    </p>
   </div>
   <div class='ocr_carea' id='block_1_4' title="bbox 448 4129 1409 4398">
    <p class='ocr_par' dir='ltr' id='par_1_4' title="bbox 448 4129 1409 4398">
     <span class='ocr_line' id='line_1_36' title="bbox 481 4129 1409 4227; baseline 0.002 19"><span class='ocrx_word' id='word_1_236' title='bbox 481 4161 628 4227; x_wconf 55' lang='lat' dir='ltr'>aaa]</span> <span class='ocrx_word' id='word_1_237' title='bbox 938 4129 1409 4190; x_wconf 64' lang='lat'>⁸²¹</span> 
     </span>
     <span class='ocr_line' id='line_1_37' title="bbox 482 4218 1409 4332; baseline 0.009 -19"><span class='ocrx_word' id='word_1_238' title='bbox 482 4262 556 4314; x_wconf 73' lang='lat' dir='ltr'>³Sed</span> <span class='ocrx_word' id='word_1_239' title='bbox 571 4259 666 4332; x_wconf 71' lang='lat' dir='ltr'>acina]</span> <span class='ocrx_word' id='word_1_240' title='bbox 685 4266 755 4313; x_wconf 85' lang='lat' dir='ltr'>‘Sed</span> <span class='ocrx_word' id='word_1_241' title='bbox 776 4265 910 4314; x_wconf 88' lang='lat' dir='ltr'>admodum</span> <span class='ocrx_word' id='word_1_242' title='bbox 938 4269 992 4316; x_wconf 89' lang='lat' dir='ltr'>sius</span> <span class='ocrx_word' id='word_1_243' title='bbox 1028 4268 1107 4330; x_wconf 81' lang='lat' dir='ltr'>regis,</span> <span class='ocrx_word' id='word_1_244' title='bbox 1139 4233 1260 4328; x_wconf 76' lang='lat' dir='ltr'>insigni&#39;ta</span> <span class='ocrx_word' id='word_1_245' title='bbox 1293 4218 1409 4324; x_wconf 55' lang='lat' dir='ltr'>vexillis).³</span> 
     </span>
     <span class='ocr_line' id='line_1_38' title="bbox 448 4334 1189 4398; baseline 0.007 -16"><span class='ocrx_word' id='word_1_246' title='bbox 448 4349 534 4396; x_wconf 69' lang='lat' dir='ltr'>parrae</span> <span class='ocrx_word' id='word_1_247' title='bbox 551 4334 602 4386; x_wconf 81' lang='lat' dir='ltr'>illae</span> <span class='ocrx_word' id='word_1_248' title='bbox 621 4338 750 4395; x_wconf 85' lang='lat' dir='ltr'>equestres</span> <span class='ocrx_word' id='word_1_249' title='bbox 762 4335 831 4383; x_wconf 86' lang='lat' dir='ltr'>acies</span> <span class='ocrx_word' id='word_1_250' title='bbox 843 4350 910 4383; x_wconf 90' lang='lat' dir='ltr'>com·</span> <span class='ocrx_word' id='word_1_251' title='bbox 939 4336 1189 4398; x_wconf 72' lang='lat' dir='ltr'>Huutiugd.p.891.</span> 
     </span>
    </p>
   </div>
   <div class='ocr_carea' id='block_1_5' title="bbox 0 0 1575 5184">
    <p class='ocr_par' dir='ltr' id='par_1_5' title="bbox 0 0 1575 5184">
     <span class='ocr_line' id='line_1_39' title="bbox 0 0 1575 5184; baseline 0 0"><span class='ocrx_word' id='word_1_252' title='bbox 0 0 1575 5184; x_wconf 95' lang='lat' dir='ltr'> </span> 
     </span>
    </p>
   </div>
  </div>
 </body>
</html>
