3190 5202
471 503 515 569 lo
726 519 861 568 nonnnr
886 520 933 567 nu
956 519 1164 568 wnnoovnr

587 757 637 820 De
651 763 746 820 niorto
762 754 910 840 Raniyii,
925 753 1150 820 lincolniam
1163 751 1307 840 episcopi.

311 895 367 936 eu
378 895 435 934 1⁰⁹¹
526 877 629 944 Anno
648 879 789 944 Domini
816 871 1431 960 nx01.¹Re1nigius,Lincolniensis

311 945 432 1092 ueniri}
476 980 634 1056 antistes,
670 998 749 1043 cum
784 977 964 1040 ecclesiam
1001 995 1099 1040 suam
1127 978 1201 1060 jam
1235 977 1427 1090 perfectam

314 1093 410 1134 Liumln.

477 1077 635 1142 dedicare
667 1077 876 1159 disponeret,
910 1095 990 1157 rege
1023 1084 1193 1160 praesentc
1227 1083 1262 1140 et
1292 1076 1428 1157 episco-

478 1178 532 1260 pis
555 1177 686 1254 multis,
714 1175 867 1238 Thomas
892 1175 1121 1239 Eboracensis
1147 1174 1428 1257 archiepiscopus

478 1276 670 1340 resistendo
699 1274 970 1351 contradicebat,
997 1273 1171 1339 affirmans
1194 1293 1269 1337 eam
1298 1274 1334 1336 in
1360 1292 1428 1336 sua

479 1375 644 1458 parochia
671 1393 746 1438 esse
769 1382 1030 1452 constructam3
1064 1374 1153 1436 unde
1181 1393 1244 1455 pro
1271 1373 1427 1454 appella-

480 1475 573 1538 tione
592 1476 635 1538 ab
653 1473 912 1555 archiepiscopo
939 1473 1155 1554 interposita,
1172 1480 1207 1536 et
1232 1491 1295 1554 pro
1316 1479 1428 1536 morte

480 1571 644 1654 Remigii,
659 1592 737 1654 quae
753 1572 846 1634 illico
863 1581 916 1634 est
932 1579 1064 1647 secuta,
1076 1571 1246 1635 dedicatio
1262 1572 1428 1634 remansit

478 1672 690 1754 imperfecta.
743 1671 874 1734 Eodem
899 1689 991 1735 anno
1015 1670 1145 1733 Methis
1169 1689 1294 1753 corpus
1315 1670 1428 1734 sancti

481 1771 681 1846 Clementis,
709 1770 810 1852 primi
838 1769 993 1851 episcopi
1022 1771 1065 1832 ab
1089 1770 1255 1852 apostolis
1280 1769 1350 1832 illic
1372 1789 1430 1832 or-

480 1870 602 1945 dinati,
620 1869 796 1932 inventum
816 1875 919 1932 estet
935 1869 973 1931 in
986 1868 1112 1933 feretro
1127 1869 1346 1933 collocatum.

552 2042 601 2105 Dc
615 2039 722 2106 abbate
737 2052 865 2120 mortuo,
881 2042 936 2128 qui
950 2041 1151 2107 cellararium
1159 2039 1346 2127 flnpollnnit.

531 2159 620 2229 Sub²
639 2167 767 2230 eisdem
790 2167 910 2230 diebus
929 2167 965 2230 in
988 2166 1151 2230 Fnldeusi
1174 2165 1333 2229 coenobio
1355 2164 1431 2228 lues

481 2265 633 2330 exitialis
659 2266 745 2329 adeo
770 2271 929 2346 grassata
948 2273 1014 2342 est,
1030 2259 1139 2347 ³quod
1158 2265 1305 2347 primum
1323 2265 1430 2326 abba-

481 2373 563 2440 tem,
574 2372 609 2427 et
623 2371 703 2446 post
718 2364 846 2426 multos
861 2365 1103 2428 monachorum
1116 2365 1298 2427 exstinxit.
1345 2363 1432 2426 Fra-

484 2470 555 2526 tres
567 2470 695 2537 autem,
705 2462 764 2543 qui
778 2463 981 2544 superstites
996 2471 1247 2540 remanserant,
1257 2462 1349 2526 luem
1361 2481 1433 2525 me-

484 2567 622 2624 tuentes
644 2560 839 2642 praefatam,
864 2571 1042 2644 coeperunt
1056 2563 1174 2644 largas
1196 2563 1432 2643 eleemosynas

482 2660 595 2724 facere
620 2666 655 2722 et
683 2660 870 2738 orationes,
896 2668 967 2724 tam
993 2682 1055 2744 pro
1082 2662 1261 2726 animabus
1286 2655 1433 2724 fratrum

481 2759 719 2823 defunctorum
747 2779 851 2841 quam
875 2780 937 2841 pro
966 2762 1140 2844 ereptione
1167 2763 1347 2839 vivorum;
1371 2760 1432 2822 sed

482 2877 649 2940 processu
675 2860 852 2940 temporis,
877 2865 917 2921 ut
933 2859 1007 2923 fieri
1032 2861 1133 2935 solet,
1162 2860 1270 2942 coepit
1294 2859 1434 2922 devotio

484 2957 628 3020 fratrum
652 2957 819 3039 paulatim
846 2957 1002 3036 deficere,
1028 2960 1208 3024 cellarario
1234 2964 1435 3023 constanter

484 3055 689 3133 affirmante,
717 3055 903 3120 facultates
931 3058 1085 3122 ecclesiae
1113 3079 1182 3122 non
1211 3057 1367 3122 sufficere
1389 3057 1433 3120 ad

484 3173 658 3237 expensas
685 3155 772 3219 adeo
790 3155 969 3237 profusas3
993 3158 1126 3222 addidit
1143 3157 1260 3235 etiam,
1286 3156 1433 3220 stultum

483 3253 606 3329 videri,
622 3261 662 3316 ut
673 3255 800 3316 mortui
815 3255 901 3319 illud
918 3264 1134 3333 consumant,
1152 3257 1244 3320 unde
1257 3257 1356 3320 vivos
1373 3275 1433 3318 ne-

483 3371 580 3416 cesse
604 3359 658 3415 est
672 3354 872 3418 sustentari.
920 3355 1057 3438 Itaque,
1074 3375 1152 3419 cum
1167 3363 1268 3418 nocte
1283 3355 1433 3436 quadarn
1523 3433 1526 3438 Ι

482 3450 571 3514 idem
597 3451 797 3516 cellararius
814 3473 877 3535 pro
895 3455 996 3518 rebus
1013 3456 1216 3519 necessariis
1244 3455 1355 3518 noctis
1377 3474 1434 3518 so·

482 3570 601 3631 porem
633 3551 885 3634 aliquantulum
916 3553 1119 3632 distulisset,
1148 3553 1329 3635 completis
1357 3561 1434 3617 tan-

483 3649 560 3712 dem
577 3651 739 3730 negotiis,
762 3651 946 3716 dormitum
976 3655 1027 3716 ire
1051 3652 1260 3732 festinabat3
1285 3659 1321 3716 et
1343 3671 1433 3727 ecce,

481 3767 560 3811 cum
579 3756 661 3811 ante
677 3751 803 3812 ostium
822 3751 965 3833 capituli
982 3754 1166 3816 transitum
1184 3752 1325 3828 faceret,
1347 3751 1434 3816 vidit

375 3901 380 3911 .
482 3848 643 3910 abbatem
662 3855 697 3910 et
712 3846 849 3925 fratres,
872 3851 931 3932 qui
946 3851 1007 3916 illo
1021 3872 1112 3915 anno
1129 3853 1287 3915 obierant
1302 3869 1434 3926 omnes,

517 4076 692 4141 ¹Rernigins.]
709 4079 855 4143 According
871 4083 946 4130 tosi-
972 4081 1036 4144 gend
1060 4082 1214 4144 following
1207 4096 1229 4130 rs
1247 4081 1311 4130 from
1329 4081 1436 4128 Melino·

478 4162 553 4198 ,meon
575 4149 626 4199 and
650 4149 770 4200 Florence
792 4151 824 4204 he
843 4152 927 4200 died'
919 4167 946 4200 rn
971 4154 1046 4214 bury,
1056 4150 1136 4217 §wa

480 4217 523 4263 the
535 4219 654 4275 previous
665 4232 734 4278 year.
1006 4219 1095 4277 ³de
1105 4222 1218 4284 primum.
1220 4221 1232 4286 ]
1241 4221 1249 4248 ‘
1258 4221 1325 4272 Quae
1337 4213 1435 4283 primo,’

517 4281 590 4332 'Sub
609 4285 698 4333 eisdem
716 4282 823 4355 diebus]
840 4287 894 4336 'l'ho
911 4290 991 4337 let
