3190 5202
469 554 609 604 unonas
634 513 903 602 rnsromnnuu.
1121 544 1164 607 15

212 713 299 776 Erat
337 718 452 776 autem
484 710 657 776 Radulsus
696 733 741 776 ex
778 721 888 776 matre
920 711 1090 776 Wallensi
1128 718 1163 774 et
1174 730 1229 769 an.
1241 729 1297 769 1074.

211 818 310 894 patre
337 809 486 892 Anglico
513 819 712 892 generatus,
740 819 786 888 et,
812 813 904 875 sicut
926 811 1090 886 diximus,
1110 811 1163 872 in-

209 917 328 974 stante
352 910 408 973 die
433 911 643 992 nuptiarum,
666 912 846 993 utriusque
871 911 980 992 partis
1005 910 1106 973 amici
1127 909 1164 972 in

212 1009 297 1072 villa
313 1008 531 1074 Norwicensi
546 1028 624 1073 cum
640 1011 844 1091 congregati
860 1009 1018 1086 fuissent,
1036 1015 1164 1089 etpost

213 1107 433 1172 resectionem
465 1108 693 1172 lautissimam
724 1109 806 1171 vino
845 1108 1005 1171 inebriati
1037 1114 1164 1182 essent,

211 1214 393 1287 coeperunt
413 1207 623 1269 unanimiter
641 1208 677 1268 in
699 1227 815 1288 regem
838 1206 1065 1288 proditionem
1080 1224 1165 1269 voce

213 1305 367 1368 clamosa
382 1306 600 1386 conspirare3
620 1312 812 1368 asserentes
827 1305 997 1368 hominem
1014 1305 1050 1366 in
1066 1303 1164 1366 adul-

213 1403 301 1466 terio
319 1410 452 1478 natum,
470 1411 510 1466 ut
524 1411 623 1466 tanto
638 1424 745 1484 regno
761 1404 959 1484 talibusque
973 1402 1058 1467 viris
1075 1422 1164 1483 prae-

213 1508 317 1578 esset,
339 1503 479 1565 minime
501 1503 694 1566 convenire.
748 1503 858 1566 Erant
881 1501 982 1584 hujus
1004 1501 1164 1564 factionis

213 1601 399 1681 complices
416 1601 589 1682 Rogerus,
607 1600 824 1665 Waltheosus
848 1608 884 1663 et
902 1599 1086 1674 Radulfus,
1106 1619 1164 1662 co·

214 1700 327 1775 mites,
355 1701 472 1781 plures
502 1700 654 1781 episcopi
687 1707 722 1764 et
745 1700 901 1775 abbates
928 1718 1006 1762 cum
1032 1699 1167 1760 baroni-

214 1799 279 1860 bus
306 1804 341 1860 et
369 1798 594 1860 bellatoribus
626 1799 755 1874 multis,
780 1799 841 1879 qui
867 1797 1093 1861 communiter
1120 1797 1164 1860 ad

214 1915 331 1975 regem
348 1895 526 1959 Danorum
544 1897 684 1960 nuntios
702 1897 888 1976 dirigentes
906 1896 1074 1958 auxilium
1089 1896 1164 1978 ejus

213 1994 400 2057 instantius
427 1994 656 2075 flagitabant3
682 1995 818 2070 deinde,
839 1995 1073 2059 Wallensibus
1098 1995 1165 2057 sibi

214 2091 470 2168 confoederatis
487 2095 724 2175 unusquisque
743 2095 780 2156 in
804 2112 868 2156 sua
883 2099 1067 2174 potestate,
1084 2093 1164 2172 igne

214 2191 432 2254 accumulato
455 2193 490 2253 in
514 2192 605 2254 villis
636 2193 751 2272 regiiS,
778 2192 909 2273 rapinis
939 2190 1164 2271 indulgebat3

216 2289 275 2352 sed
295 2289 486 2366 castellani,
502 2290 563 2371 qui
579 2297 695 2354 castra
709 2289 802 2371 regis
820 2289 1071 2365 custodiebant,
1087 2309 1163 2352 cum

216 2388 353 2469 populis
369 2388 640 2469 provincialibus
655 2390 704 2454 eis
718 2389 856 2452 obviam
871 2389 1061 2463 venientes,
1071 2388 1165 2468 ipso-

216 2506 290 2548 rum
313 2485 448 2549 irritare
470 2489 686 2568 propositum
711 2488 927 2551 laborabant.
979 2486 1079 2549 Tunc
1101 2505 1163 2548 rex

215 2584 412 2648 Willelmus
433 2587 548 2649 subito
571 2586 613 2649 de
637 2585 855 2649 Normannia
876 2585 1022 2662 rediens,
1046 2585 1164 2666 Roge-

215 2703 292 2746 rum
320 2685 492 2760 comitem,
515 2692 702 2764 cognatum
727 2704 839 2761 suum,
868 2690 904 2747 et
929 2682 1164 2748 Weltheofum

215 2783 320 2863 cepit,
339 2789 375 2844 et
389 2782 539 2847 vinculis
556 2783 761 2846 constrictos
783 2784 848 2846 sub
866 2783 1029 2845 carcerali
1049 2789 1164 2845 custo·

216 2881 273 2942 dia
288 2881 488 2962 deputavit3
511 2881 604 2962 quod
620 2900 737 2945 comes
750 2881 925 2945 Radulfus
940 2900 1018 2944 cum
1038 2900 1166 2961 cogno·

214 2979 335 3055 visset,
353 2981 396 3042 ab
415 2979 546 3060 Anglia
563 2980 808 3044 tremebundus
825 2981 979 3044 recessit.
1031 2979 1166 3042 Deinde

217 3096 279 3139 rex
295 3078 491 3142 Willelmus
514 3079 557 3140 ad
576 3077 776 3142 Norwicum
801 3079 990 3142 exercitum
1014 3079 1166 3154 mittens,

218 3176 348 3238 tamdiu
371 3196 515 3239 uxorem
541 3176 683 3241 Radulfi
708 3178 842 3241 comitis
867 3177 1001 3240 obsedit
1026 3178 1063 3238 in
1088 3195 1165 3239 cas-

218 3273 301 3337 tello
315 3294 394 3338 cum
411 3276 543 3338 familia
559 3296 633 3353 sua,
646 3296 837 3358 quousque,
847 3276 1084 3340 deficientibus
1099 3276 1165 3337 sibi

214 3370 401 3449 alimentis,
427 3375 584 3455 praestita
608 3377 767 3439 cautione
792 3376 976 3459 juratoria,
1001 3374 1093 3456 quod
1121 3375 1165 3435 ab

218 3469 349 3550 Anglia
361 3472 548 3548 recederet,
562 3491 632 3535 non
646 3474 758 3535 denuo
774 3474 956 3537 reversuri.
1007 3472 1165 3536 Wallen-

216 3587 275 3630 ses
297 3589 391 3644 vero,
417 3571 477 3650 qui
500 3570 654 3650 praefatis
678 3570 907 3633 interfuerant
937 3568 1080 3651 nuptiis,
1103 3589 1166 3631 rex

217 3665 413 3729 Willelmus
424 3667 590 3749 quosdam
602 3669 788 3731 luminibus
796 3669 904 3751 jussit
913 3668 1054 3749 privari,
1064 3685 1168 3747 quos·

217 3764 299 3826 dam
322 3766 358 3827 in
379 3766 541 3829 exsilium
559 3767 648 3848 cogi,
666 3767 847 3830 nonnullos
868 3785 951 3831 vero
973 3766 1055 3829 fecit
1078 3765 1168 3846 pati-

218 3862 300 3925 bulo
325 3865 499 3945 suspendi.
553 3866 599 3928 Et
623 3865 678 3928 bis
704 3865 756 3928 ita
782 3867 902 3946 gestiS,
928 3871 1097 3929 venerunt
1122 3883 1167 3926 ex

220 3960 333 4024 Dacia
350 3961 464 4025 Cnuto
485 3963 577 4027 filius
598 3964 714 4028 Swani
742 3971 777 4027 et
793 3964 921 4027 Hacon
945 3982 1071 4039 comes,
1089 3981 1167 4024 cum

219 4058 366 4121 navibus
382 4060 539 4124 ducentis
555 4069 690 4125 armata
706 4082 810 4125 manu
831 4051 991 4143 repletis;
1016 4061 1087 4135 sed,
1105 4079 1167 4123 au-

218 4157 352 4220 dientes
368 4158 411 4221 de
423 4159 615 4223 fautoribus
633 4162 703 4223 suis
720 4161 812 4242 quod
827 4162 957 4223 factum
971 4160 1096 4235 suerat,
1114 4179 1168 4222 re·

219 4256 320 4319 tortis
343 4256 430 4322 velis
459 4258 502 4320 ad
520 4258 718 4322 Flandriam
741 4261 962 4340 navigarunt,
985 4278 1064 4322 cum
1079 4258 1168 4322 Wil-
