3178 5194
468 529 534 596 364
724 546 858 593 nocant
882 545 930 592 nu
953 541 1160 593 wuunovnn

309 737 365 777 Μ),
377 736 433 777 1171.
470 702 615 786 diligere
633 699 831 784 vid'eretur3
864 722 969 786 super
988 702 1053 766 hoc
1071 718 1210 785 quoque
1232 721 1270 768 ee
1288 701 1429 786 judicio

470 803 627 868 ecclesiae
651 821 793 885 prorsus
819 802 994 885 exposuit,
1020 809 1056 866 et
1081 800 1257 865 humiliter
1280 821 1318 866 se
1345 821 1428 866 sus-

471 909 654 985 cepturum
693 901 857 984 quicquid
894 901 931 964 in
967 919 1046 964 eum
1077 900 1167 964 foret
1200 901 1423 966 statuendum

471 1000 657 1066 salubriter
685 999 931 1082 compromisit.
984 999 1084 1064 Misit
1106 1019 1190 1080 ergo
1209 1001 1350 1064 nuutios
1376 1001 1422 1064 ad

471 1119 639 1164 summum
662 1100 872 1182 pontificem,
891 1098 952 1182 qui
970 1117 1049 1162 eum
1065 1105 1273 1162 excusarent
1288 1105 1324 1163 et
1345 1099 1423 1182 ejus

471 1199 704 1267 innocentiam
726 1198 929 1280 allegarent,
945 1190 1050 1280 ¹quos
1066 1217 1129 1261 uec
1148 1197 1307 1262 dominus
1329 1217 1423 1281 papa

472 1298 591 1364 videre
612 1298 736 1375 voluit,
757 1317 821 1361 uec
843 1297 887 1360 ad
910 1297 1015 1379 pedes
1036 1295 1090 1362 vel
1114 1296 1158 1360 ad
1180 1296 1336 1361 osculum
1360 1298 1424 1361 ad·

471 1397 609 1462 mittere
630 1396 863 1479 dignabatur3
899 1395 960 1459 sed
993 1395 1146 1474 nuntios,
1178 1395 1238 1477 qui
1268 1397 1422 1461 secundo

472 1496 568 1561 missi
579 1496 731 1573 fuerunt,
746 1495 853 1578 aliqui
869 1495 1094 1559 cardinalium
1112 1502 1349 1577 susceperuut,
1360 1497 1420 1560 sed

471 1595 587 1659 verbis
618 1599 766 1660 tantum.
824 1593 984 1659 Instante
1013 1593 1151 1658 tandem
1183 1594 1305 1675 quinta
1335 1593 1423 1658 feria

472 1701 554 1758 aute
582 1692 732 1770 Pascha,
757 1693 793 1757 in
821 1693 957 1775 quade
985 1693 1232 1757 cousuetudine
1251 1693 1422 1757 Romanae

472 1792 627 1857 ecclesiae
662 1792 751 1857 solet
782 1811 875 1875 papa
904 1792 1040 1875 publice
1069 1792 1127 1857 vel
1154 1792 1334 1856 absolvere
1365 1793 1422 1856 vel

472 1892 782 1968 excommunicare,
809 1892 1015 1974 quibusdam
1038 1891 1168 1955 domini
1193 1898 1292 1973 papae
1315 1890 1420 1955 silon-

472 1991 584 2054 tiariis
610 1990 653 2055 ad
682 2008 784 2054 aures
809 1990 1007 2056 nuntiorum
1038 1991 1129 2071 regis
1157 1989 1422 2072 perferentibus,

471 2089 622 2167 devenit,
643 2091 736 2172 quod
756 2108 849 2174 papa
868 2091 987 2154 eodem
1013 2089 1068 2153 die
1093 2089 1293 2153 decreverat
1314 2090 1351 2162 iu
1366 2110 1421 2154 re⁴

471 2206 549 2270 gem
578 2187 718 2270 Angliee
748 2189 965 2266 nominatim,
996 2195 1032 2252 et
1060 2189 1099 2252 iu
1127 2189 1285 2253 omnibus
1317 2190 1420 2253 terris

470 2289 556 2366 suia,
573 2288 616 2352 de
631 2289 804 2352 communi
821 2287 967 2352 fratrum
983 2306 1124 2351 snorum
1146 2287 1291 2351 consilio
1312 2287 1422 2351 inter·

470 2387 554 2452 dicti
573 2386 663 2451 ferre
689 2388 907 2464 sententiam,
932 2394 967 2450 et
991 2405 1080 2463 eam,
1104 2406 1182 2468 quae
1208 2386 1283 2450 lata
1306 2386 1420 2451 fuerat

470 2485 508 2550 iu
525 2485 819 2568 archiepiscopum
843 2486 1094 2550 Eboraceusem
1117 2493 1153 2548 et
1175 2485 1263 2548 alios
1278 2483 1418 2567 Angliee

470 2585 663 2666 episcopos,
681 2585 896 2649 confirmare.
947 2584 1004 2648 Sic
1022 2584 1134 2648 nuntii
1150 2584 1241 2666 regis
1263 2584 1300 2647 iu
1322 2591 1420 2648 arcto

471 2682 588 2765 positi,
603 2683 807 2764 quibusdam
824 2683 1057 2748 cardinalibus
1073 2683 1211 2747 domino
1221 2702 1322 2765 papae
1334 2702 1419 2765 sug·

470 2781 683 2863 gerentibus
706 2783 799 2864 quod
821 2783 925 2846 iidem
948 2782 1060 2846 nuntii
1083 2800 1105 2845 a
1126 2801 1208 2863 rege
1222 2780 1418 2864 Anglorum

470 2888 678 2963 acceperant
698 2881 734 2943 in
755 2881 939 2958 mandatis,
963 2888 1003 2946 ut
1022 2881 1182 2965 jurarent
1209 2900 1325 2962 regem
1342 2879 1419 2944 An·

470 2980 606 3061 giorum
631 2979 707 3063 ejus
735 2986 773 3043 et
795 2980 1019 3045 cardinalium
1037 2978 1172 3062 judicio
1193 2986 1365 3043 staturum
1384 2988 1420 3044 et

470 3098 531 3160 per
557 3078 673 3142 omnia
695 3078 907 3161 pariturum3
940 3079 1031 3142 sicut
1059 3079 1163 3142 etiam
1189 3079 1301 3142 nuntii
1327 3079 1419 3160 regis

469 3177 655 3258 petierunt,
670 3177 721 3241 ita
730 3177 937 3259 juraverunt
960 3183 995 3240 et
1017 3177 1190 3240 interdicti
1212 3179 1419 3242 sententiam

469 3275 700 3340 declinarunt.
751 3275 878 3340 Nuntii
895 3296 977 3340 vero
1000 3275 1228 3339 Eboraceusis
1250 3277 1419 3360 archiepi=

470 3374 567 3456 scopi
593 3381 629 3439 et
652 3376 799 3439 aliorum
828 3374 1066 3456 episcoporum
1091 3373 1231 3456 Angliae
1255 3374 1346 3439 idem
1371 3375 1418 3439 ie-

469 3479 601 3537 cerunt.
654 3473 785 3537 Eodem
813 3480 887 3539 tum
914 3474 970 3537 die
990 3493 1083 3556 papa
1107 3475 1420 3538 excommunicavit

469 3571 754 3637 sceleratissimos
769 3573 1006 3636 interfectores
1029 3573 1121 3636 beati
1143 3573 1300 3650 Thomae,
1325 3573 1418 3637 Cana

470 3671 655 3734 tuariensis
684 3670 933 3755 archiepiscopi
965 3679 1000 3735 et
1027 3672 1202 3754 martyris
1234 3679 1270 3736 et
1299 3691 1418 3736 omnes

469 3771 528 3850 qui
550 3768 744 3846 consilium,
771 3771 940 3834 auxihum
966 3771 1020 3835 vel
1051 3789 1257 3836 consensum
1281 3773 1418 3852 praebu-

469 3876 583 3946 erunt,
604 3875 640 3933 et
664 3869 866 3951 omnesqui
890 3887 950 3933 eos
975 3870 1122 3932 interra
1144 3887 1210 3933 sua
1227 3868 1431 3951 reciperent,

505 4092 586 4149 ¹ane
601 4105 643 4140 uec
657 4090 767 4140 domim
776 4105 840 4153 pepe
850 4089 932 4138 fidere
955 4090 1004 4140 eud
1020 4091 1159 4153 receptior,
1175 4104 1235 4152 may
1246 4092 1278 4140 he
1297 4089 1375 4139 found
1391 4091 1419 4138 in

468 4161 573 4223 voluit]
602 4161 626 4208 A
644 4162 719 4209 letter
736 4159 799 4208 from
817 4160 860 4208 the
874 4159 932 4208 four
954 4160 997 4208 the
1011 4160 1066 4208 fifth
1081 4160 1149 4210 book
1165 4160 1194 4209 oi
1207 4160 1250 4209 the
1266 4160 1361 4223 letters,
1377 4175 1419 4222 ep.

467 4230 644 4280 ambaesadors
654 4231 713 4278 who
721 4230 830 4279 reached
842 4229 931 4289 Rome,
954 4229 1056 4281 lxxxiii.

468 4300 594 4368 giving-arr
605 4304 712 4348 account
719 4298 747 4348 of
752 4299 818 4348 their
821 4300 929 4365 Journey
