3190 5202
437 565 577 614 secans
599 565 875 614 marcomirum
1085 551 1131 618 61.

176 735 296 786 camur
325 730 574 803 angmentum
613 721 716 805 hujus
745 741 883 804 qnoque
916 723 1128 788 remissionis
1141 745 1286 784 noman·

178 821 398 890 concedimus
414 839 490 884 esse
507 821 706 904 participes
724 823 784 903 qui
800 822 851 888 ad¹
866 823 1130 887 subventionem

178 922 279 984 istius
294 920 427 985 itineris
443 919 598 984 debonis
620 921 691 984 suis
707 939 858 1002 congrue
873 922 1129 1000 ministrabunt,

179 1028 242 1084 aut
257 1020 350 1084 circa
367 1019 533 1100 praedicta
553 1019 735 1084 consilium
759 1026 795 1082 et
810 1020 978 1083 auxilinm
995 1022 1129 1103 impen-

178 1119 291 1183 derint
317 1125 561 1201 opportnnnm.
614 1118 671 1182 Ite
698 1137 781 1199 ergo
810 1119 1046 1201 praedicabiles
1068 1140 1130 1202 per

178 1219 296 1284 orbem
326 1216 457 1282 Christi
485 1218 624 1294 militeS,
652 1217 809 1281 timorem
845 1220 965 1282 mortis
991 1221 1132 1300 penitus

179 1319 398 1396 omittentes3
430 1337 500 1380 non
522 1317 612 1380 enim
634 1323 716 1380 sunt
740 1317 921 1398 condignae
949 1319 1130 1399 passiones

177 1415 282 1499 hujus
299 1417 464 1499 temporis
487 1415 700 1480 adfuturam
723 1416 881 1497 gloriam,
897 1435 975 1499 qnae
995 1417 1129 1481 revela-

179 1515 273 1579 bitur
299 1515 334 1578 in
360 1515 470 1579 nobie.
524 1515 614 1578 Haec
640 1516 870 1596 praesentibus
897 1517 1129 1598 praecipimus,

178 1615 378 1678 absentibus
400 1614 615 1689 mandamus
632 1615 884 1696 terminumque
906 1617 1055 1697 proximi
1070 1635 1130 1679 ve·

177 1714 226 1776 ris
250 1714 411 1794 figimus3
445 1713 557 1777 aderit
579 1714 669 1776 enim
692 1713 789 1776 Deus
813 1714 988 1790 euntibuS,
1007 1722 1048 1779 ut
1066 1715 1129 1778 bo-

178 1831 245 1875 nus
276 1814 326 1876 eis
348 1813 498 1876 arrideat
527 1831 651 1889 annuS,
675 1819 749 1876 tum
780 1813 817 1875 in
846 1812 947 1894 copia
976 1813 1130 1894 frugum,

179 1919 254 1976 tum
265 1910 301 1974 in
314 1912 500 1976 serenitate
512 1913 778 1990 elementorum
799 1911 958 1976 morituri
966 1913 1132 1976 caelorum

179 2010 359 2075 intrabunt
390 2011 589 2087 triclinium,
624 2010 750 2074 victuri
787 2011 1009 2074 Dominicnm
1038 2011 1130 2076 vide-

179 2108 267 2171 bunt
286 2109 516 2191 sepulchrum.
564 2109 698 2174 Felices
715 2115 809 2186 sunt,
825 2111 886 2191 qui
904 2109 948 2172 ad
963 2109 1053 2172 hanc
1069 2129 1130 2173 ex-

178 2208 388 2289 peditionem
410 2216 589 2284 vocantur,
612 2214 651 2271 nt
673 2207 814 2271 videant
837 2208 914 2271 loca
936 2217 1069 2284 sancta,
1092 2209 1129 2272 in

181 2308 306 2388 quibus
332 2307 494 2370 caelorum
521 2307 693 2371 Dominus
719 2326 797 2370 cnm
828 2306 1023 2370 hominibus
1049 2327 1131 2370 con.

179 2411 337 2470 versatus
357 2415 422 2481 est,
444 2412 480 2469 et
498 2426 561 2487 pro
583 2405 778 2469 hominibus
798 2414 914 2483 natus,
931 2407 1129 2483 crucifixus

178 2512 346 2582 mortuus,
361 2505 518 2588 sepultus
538 2513 573 2569 et
595 2506 820 2570 resuscitatus
837 2505 858 2585 ;'
884 2504 992 2569 ethis
1015 2505 1128 2581 dicus,

179 2605 345 2687 praecepit
361 2604 414 2668 his
426 2605 485 2686 qui
500 2605 645 2668 aderant
661 2604 882 2668 ecclesiarum
898 2604 1064 2687 praelatis,
1076 2612 1128 2680 ut,

180 2703 225 2766 ad
239 2704 380 2785 propria
395 2703 537 2780 reversi,
552 2723 630 2766 cum
651 2705 744 2766 omni
759 2704 928 2768 instantia
948 2711 982 2766 et
1003 2703 1130 2766 sollici-

179 2802 299 2866 tudine
332 2803 450 2884 plebes
485 2801 552 2865 sibi
587 2801 763 2884 subjectas
793 2803 838 2866 ad
874 2800 1130 2885 expeditionem

178 2902 392 2982 praemissam
409 2901 644 2965 exhortentur.

204 3091 254 3154 Dc
270 3088 441 3155 nominibus
455 3098 634 3175 magnatum
649 3090 942 3175 crucesignatorum
957 3099 1102 3154 eteorum

580 3209 730 3252 consensu.

233 3311 389 3396 Cumque
407 3312 520 3376 clerus
543 3320 580 3375 et
600 3312 751 3394 populus
768 3312 872 3395 hujus
895 3312 1060 3377 orationis
1080 3320 1132 3376 te·
1144 3338 1294 3429 {3333}qu

183 3431 301 3475 norem
338 3412 479 3475 auribus
513 3412 759 3493 percepissent,
801 3430 970 3476 consensu
1011 3421 1131 3476 mutuo
1144 3439 1273 3488 expuens

181 3511 332 3574 clamore
364 3516 600 3592 protestantur
631 3509 787 3573 faventes
820 3511 1064 3574 sermocinanti
1097 3519 1132 3574 et

181 3610 461 3691 peregrinationi.
509 3610 555 3672 Et
571 3610 730 3691 protinus
752 3608 789 3670 in
809 3608 955 3671 concilio
974 3627 1132 3690 proceres

183 3708 351 3784 nonnulli,
365 3726 466 3789 papae
479 3708 623 3789 genibus
639 3707 806 3782 advoluti,
824 3725 862 3768 se
878 3714 912 3770 et
930 3726 993 3769 sna
1005 3707 1134 3770 Christi

184 3807 315 3870 militiae
332 3812 598 3885 consecrarunt;
616 3826 762 3888 qnorum
776 3805 907 3888 primus
923 3805 990 3869 fuit
1005 3800 1135 3869 ¹Aime-
1194 3798 1196 3803 ’

219 4046 375 4117 uatem]
398 4055 497 4115 Aimar,
513 4055 604 4116 bishop
621 4055 650 4104 ol
671 4055 813 4113 verbatim
838 4055 948 4104 Fulcher
963 4054 993 4103 of
1007 4053 1136 4116 Chartres,

187 4120 254 4184 Puy.
290 4123 344 4171 'l'he
361 4123 491 4186 following
507 4125 603 4184 history
621 4125 651 4173 of
673 4123 1086 4185 Malmsbury,nndothers,whom
1093 4123 1136 4172 the

186 4189 228 4238 the
239 4191 368 4242 Crusades
385 4194 408 4241 is
419 4194 543 4255 compiled
555 4195 649 4259 princi·
673 4193 762 4242 reader
772 4194 826 4241 will
836 4193 887 4241 lind
902 4195 929 4242 in
940 4193 982 4242 the
993 4193 1075 4244 Gesta
1086 4193 1137 4241 Dei

185 4261 254 4322 pully
266 4261 328 4311 from
340 4263 453 4311 William
464 4263 492 4312 of
499 4264 575 4324 Tyre,
586 4263 648 4311 with
674 4277 719 4325 par
734 4263 854 4325 Francos,
870 4277 937 4313 seem
956 4263 1011 4313 also
1026 4266 1053 4311 to
1071 4263 1138 4312 have'

187 4331 270 4380 whom
284 4331 326 4380 the
342 4335 396 4380 text
407 4331 549 4394 frequently
561 4347 650 4394 agrees
675 4334 740 4382 been
752 4333 892 4383 consulted.
