3190 5202
457 491 500 553 lo
710 507 840 554 nocuur
865 507 911 554 oa
934 507 1141 554 wanoovrna

484 737 533 799 Dc
545 733 659 800 duobus
671 735 791 800 clericis
805 736 1019 820 corrsoedcrctis
1034 736 1179 800 corratio
1193 735 1382 819 inmortuae.

298 871 421 912 mmm·
508 858 610 924 Circa
646 860 782 926 eosdem
810 879 949 942 quoque
971 860 1045 922 dies
1069 852 1121 922 ¹in
1154 860 1296 922 civitate
1326 858 1404 922 Bri·

298 921 389 972 m

458 959 587 1023 tanniae
613 959 785 1023 Nanuetis
811 959 948 1023 nomine
975 957 1044 1022 duo
1075 958 1191 1022 clerici
1221 958 1404 1038 degebant,

457 1059 516 1140 qui
531 1059 575 1122 ab
591 1058 676 1140 ipsis
700 1059 857 1140 pueritiae
874 1058 1075 1121 rudimentis
1092 1057 1179 1120 adeo
1203 1063 1302 1119 erant
1319 1054 1404 1118 ami·

457 1157 548 1220 citios
574 1158 761 1220 foederibus
784 1157 975 1232 constricti,
1004 1164 1054 1233 ut,
1081 1157 1110 1220 si
1134 1155 1323 1218 necessitas
1351 1155 1404 1216 in·

457 1263 609 1336 grueret,
624 1256 728 1320 etiam
744 1255 864 1318 mortis
881 1255 1073 1336 periculum
1088 1273 1151 1336 pro
1166 1253 1314 1317 invicem
1329 1271 1405 1316 sus·

458 1354 618 1418 tinerent.
672 1354 773 1417 Unde
788 1354 843 1417 die
858 1353 1007 1435 quadam
1029 1355 1064 1416 in
1087 1353 1152 1417 boc
1171 1353 1302 1434 pariter
1324 1371 1405 1414 con·

459 1460 652 1530 senserunt,
676 1461 714 1515 ut
728 1453 885 1535 quisquis
907 1452 1044 1515 illorum
1066 1452 1162 1534 prius
1187 1453 1299 1516 obiret
1312 1452 1405 1527 vivo,

460 1550 642 1614 dormienti
655 1551 710 1615 vel
724 1551 895 1632 vigilanti,
908 1550 999 1613 infra
1015 1551 1088 1614 dies
1103 1551 1248 1631 triginta
1262 1569 1407 1632 appare-

461 1656 524 1725 ret,
542 1650 671 1712 socium
698 1650 960 1726 certificatums,
985 1649 1097 1732 qualis
1113 1649 1159 1712 sit
1172 1649 1280 1712 futuri
1300 1647 1406 1712 seculi

461 1755 587 1824 status,
615 1768 693 1830 quae
728 1750 919 1812 animarum
949 1749 991 1810 de
1022 1767 1165 1830 corpore
1191 1766 1406 1828 egressarum

461 1845 550 1910 foret
564 1847 726 1923 conditio,
744 1855 785 1910 ut
799 1847 877 1910 inde
897 1845 1105 1910 sufficienter
1127 1847 1316 1909 instructus
1344 1865 1407 1926 ag·

462 1953 631 2022 nosceret,
646 1965 724 2029 quae
750 1966 794 2009 ex
811 1946 955 2009 diversis
981 1944 1023 2009 de
1046 1947 1160 2009 anima
1185 1944 1407 2026 philosopho·

462 2063 537 2106 rum
554 2044 771 2128 opinionibus
797 2051 889 2108 esset
909 2045 1087 2108 imitanda.
1140 2043 1298 2107 Tradunt
1316 2043 1406 2106 enim

463 2142 647 2221 Platonici,
670 2145 762 2227 quod
784 2163 877 2208 mors
900 2145 1053 2226 corporis
1078 2143 1228 2206 animam
1255 2162 1325 2206 uon
1348 2161 1409 2204 ex-

463 2244 630 2324 stinguat,
657 2242 716 2307 sed
745 2263 820 2306 eam
853 2243 897 2306 ed
925 2244 1038 2306 Deum
1064 2243 1268 2325 principium
1296 2260 1408 2317 snum,

463 2350 628 2423 tanquam
653 2362 672 2405 e
691 2361 840 2417 carcere,
865 2342 1040 2420 remittat;
1064 2349 1225 2405 astruunt
1247 2361 1266 2404 e
1289 2349 1410 2405 contra

464 2439 649 2521 Epicuraei,
665 2441 812 2503 animam
838 2440 880 2502 de
903 2459 1045 2522 corpore
1067 2439 1217 2504 solutam
1239 2440 1274 2502 iu
1297 2459 1408 2503 aerem

463 2558 669 2603 evanescere
691 2545 727 2602 et
748 2540 784 2601 in
805 2557 908 2602 auras
926 2538 1063 2603 effluere
1076 2546 1111 2603 et
1125 2538 1288 2616 dissolvi;
1314 2537 1411 2602 theo·

465 2636 536 2718 logi
553 2657 690 2719 quoque
716 2638 758 2701 de
782 2639 898 2700 anima
920 2638 1021 2702 aliter
1036 2638 1224 2702 sentientes
1252 2645 1410 2700 asserunt

465 2743 535 2799 tres
557 2755 632 2800 esse
653 2738 844 2800 animarum
867 2745 946 2818 post
968 2746 1112 2801 mortem
1138 2737 1291 2819 corporis
1313 2754 1410 2798 mau-

466 2835 592 2910 sicues,
606 2854 710 2897 unam
726 2836 761 2898 in
777 2835 874 2911 caelo,
895 2836 1039 2898 alteram
1057 2837 1093 2897 in
1111 2837 1324 2917 purgatorio,
1344 2841 1412 2898 ter-

467 2935 550 2996 tiam
566 2935 601 2996 in
620 2933 773 3013 inferno;
797 2933 856 2996 sed
873 2935 962 2997 sicut
980 2935 1102 2998 animae
1120 2953 1197 3015 quoe
1221 2935 1257 2996 in
1279 2934 1413 2997 inferno

467 3037 550 3094 sunt
565 3051 634 3095 non
658 3033 896 3106 salvabuntur,
911 3032 962 3094 ita
976 3033 1045 3095 illae
1058 3052 1136 3113 quae
1157 3034 1193 3095 in
1211 3033 1413 3114 purgatorio

468 3132 625 3194 existunt
656 3130 922 3194 misericordiam
952 3139 1216 3213 consequentur.
1287 3131 1412 3212 Itaque

469 3229 552 3293 data
566 3229 633 3292 fide
649 3229 740 3292 inter
754 3230 868 3292 socios
892 3236 927 3292 et
943 3237 1087 3312 accepta
1111 3250 1188 3294 cum
1199 3230 1411 3314 juramento,

468 3348 538 3391 non
556 3328 701 3390 multum
725 3335 862 3408 tempus
889 3330 1067 3408 praeteriit,
1085 3335 1120 3392 et
1136 3349 1215 3392 ecce
1243 3348 1334 3391 unus
1357 3347 1413 3391 eo-

468 3447 545 3490 rum
567 3425 680 3490 subito
708 3427 838 3506 absque
860 3425 1074 3491 confessione
1098 3435 1134 3492 et
1149 3429 1276 3492 viatico
1299 3428 1414 3508 exspi-

468 3527 580 3605 ravit;
605 3526 770 3589 remansit
792 3525 880 3590 alter
903 3526 938 3588 iu
962 3527 1090 3604 secu10,
1110 3535 1146 3591 et
1169 3527 1211 3590 de
1239 3526 1306 3589 fide
1331 3527 1415 3589 data

468 3626 588 3690 sedulo
616 3627 786 3707 cogitans
825 3626 1008 3689 terminum
1037 3626 1218 3708 praefixum
1250 3646 1312 3707 per
1342 3627 1415 3688 dies

469 3726 612 3806 triginta
643 3725 793 3788 inaniter
822 3727 1060 3806 exspectabat,
1100 3725 1225 3805 quibus
1254 3725 1415 3799 evolutis,

468 3824 550 3887 dum
565 3825 767 3905 desperatus
788 3822 864 3885 aliis
891 3824 1042 3886 animum
1067 3824 1217 3904 negotiis
1243 3823 1416 3905 applicas-

469 3930 534 3999 set,
551 3942 630 3985 ecce
648 3930 804 3984 mortuus
827 3920 938 3984 sodali
962 3941 1133 4004 apparens
1149 3923 1280 3987 viventi
1305 3931 1340 3986 et
1362 3922 1415 4002 ip-

467 4256 485 4303 b
505 4183 513 4214 ¹
528 4185 567 4317 Ιιιξ
574 4185 673 4303 ῗέξίατε
685 4184 847 4248 Britannia]
863 4185 917 4234 The
935 4185 1026 4248 legend
1044 4187 1174 4249 following
1192 4187 1214 4235 is
1232 4187 1296 4235 from
1314 4185 1419 4234 Melms·

487 4269 543 4317 cry,
628 4289 634 4304 .
