3104 5186
372 631 511 679 rnoaus
536 629 804 679 maronianus.
999 616 1064 680 117

114 787 206 851 lusus
238 808 349 868 genas
373 788 573 872 lachrymis,
595 789 640 852 ad
667 788 772 870 pedes
800 787 876 871 ejus
899 787 1059 870 singulti·
1075 805 1199 904 fiamus.

114 905 170 948 ens
186 887 309 963 cecidi,
326 896 361 951 et
379 888 502 971 adjeci,
521 889 702 964 ‘Domina
719 887 882 963 Domine,
897 887 1058 954 miserere
1073 905 1222 946 uocum

114 987 247 1063 nostri3
278 986 438 1062 Domine,
463 1007 593 1052 memor
622 994 697 1050 esto
727 986 848 1069 populi
869 987 948 1064 tui3
983 986 1056 1050 Do·

113 1083 208 1159 mine,
234 1083 366 1167 adjuva
390 1086 477 1149 nos!
530 1086 577 1149 Et
603 1085 775 1149 Dominus
797 1085 843 1147 ad
871 1103 938 1159 me,
958 1084 1056 1167 ‘Ego

112 1180 287 1264 hucusque
304 1203 367 1247 vos
384 1184 475 1266 juvi,
492 1203 570 1246 narn
589 1192 624 1248 et
644 1183 802 1247 Nicaeam
817 1201 881 1246 vos
901 1182 1056 1249 obtinere

112 1282 250 1361 permisi
270 1288 307 1344 et
331 1283 367 1344 in
393 1282 511 1346 multis
529 1302 589 1346 vos
611 1283 740 1363 praeliis
757 1282 909 1357 contexi,
933 1301 1054 1364 meque

112 1377 192 1441 duce
209 1380 345 1442 vicistis
365 1389 399 1444 et
416 1380 610 1444 Antiochiae
626 1380 871 1462 praevaluistis,
890 1386 926 1443 et
941 1381 976 1444 in
992 1382 1055 1444 ob-

111 1477 238 1541 sidione
254 1479 332 1560 ipsa
351 1481 461 1544 multa
481 1501 542 1563 pro
560 1488 642 1544 voto
657 1486 774 1543 vestro
790 1477 888 1543 vobis
903 1477 1053 1558 indulsi;

110 1595 238 1659 vosque
265 1577 440 1641 beneficiis
472 1579 556 1640 meis
590 1579 719 1658 ingrati
743 1584 864 1641 contra
886 1596 940 1640 me
959 1578 1052 1642 intu-

109 1676 256 1751 muistis,
288 1685 324 1740 et
354 1683 520 1758 tanquam
544 1697 589 1745 cx
617 1677 718 1759 adipe
742 1677 909 1758 iniqnitas
934 1683 1053 1743 vestra

110 1774 247 1852 prodiit,
274 1793 397 1856 meque
420 1795 504 1856 gens
527 1776 695 1859 injuriosa
717 1775 893 1856 gentiliter
913 1793 1054 1838 exacer-

111 1872 229 1950 bastiS,
247 1872 329 1936 dum
347 1893 424 1937 cum
438 1875 639 1937 mulieribus
649 1873 704 1940 vel
721 1873 842 1938 alienis
856 1873 913 1936 vel
926 1880 1052 1936 vestrae

111 1972 345 2050 professionis,
377 1972 437 2035 sed
467 1973 609 2049 illicitis,
631 1973 790 2036 fornicati
816 1973 911 2036 estis.
978 1971 1053 2035 Iste

110 2070 245 2149 quidem
262 2071 448 2152 singularis
464 2072 569 2135 foetor
584 2073 688 2135 caelos
705 2071 860 2134 ascendit
877 2076 912 2134 et
934 2070 1053 2134 oculos

111 2187 200 2232 meos
213 2189 237 2231 a
250 2170 349 2233 vobis
362 2171 488 2233 avertit
499 2191 507 2248 3
526 2171 713 2234 retribuam
729 2170 837 2250 igitur
849 2189 914 2250 ego
926 2177 1053 2232 vestrae

111 2266 362 2346 ingratitudini,
378 2289 440 2332 nec
454 2288 593 2351 parcam
609 2271 805 2351 prostitutae
822 2276 857 2331 et
871 2267 1053 2348 lupananti

111 2365 343 2429 multitudini.'
374 2367 848 2431 Tuncmatermisericordiae
859 2365 1053 2446 Petrusque

110 2463 229 2528 beatus
246 2465 290 2528 ad
308 2465 413 2547 pedes
428 2465 656 2529 misericordis
671 2465 867 2531 ceciderunt
881 2463 1054 2545 Redemp-

112 2563 205 2639 toris,
234 2571 268 2626 et
296 2565 367 2626 suis
395 2565 704 2646 supplicationibus
731 2565 818 2626 iram
847 2563 1055 2643 mitigabant

113 2661 324 2741 minitantis3
344 2662 524 2738 ‘Domina
542 2670 596 2726 tot
610 2664 710 2725 annis
730 2681 815 2742 gens
835 2680 975 2742 pagana
993 2661 1055 2724 do·

113 2777 201 2821 mum
222 2761 339 2837 istam,
356 2781 434 2842 quae
455 2761 576 2826 domus
597 2768 672 2824 erat
692 2761 870 2835 orationis,
893 2759 1055 2835 obtinuit,

114 2859 252 2940 suisque
272 2860 445 2940 spurcitiis
461 2879 549 2936 eam,
565 2858 783 2942 prohdolor!
806 2857 1006 2932 maculavit,
1021 2865 1056 2921 et

112 2975 197 3032 ecce,
214 2977 404 3038 paucorum
421 2959 641 3040 exigentibus
659 2959 781 3039 culpis,
798 2958 892 3021 omni
910 2955 1056 3018 Christi·

113 3055 234 3120 anitati
253 3065 337 3132 tuae‚
360 3076 438 3139 quae
457 3057 596 3121 domum
616 3058 718 3120 istam
739 3056 865 3119 exinde
887 3054 1056 3135 sanguine

112 3172 174 3216 suo
203 3154 378 3232 liberavit,
412 3157 486 3238 jam
519 3155 696 3220 deleturus
726 3155 911 3232 irasceris3
940 3172 1056 3235 parce,

113 3251 275 3330 Domine,
306 3273 410 3336 parce
446 3255 575 3336 populo
611 3261 683 3330 tuo,
716 3253 751 3316 et
782 3272 825 3315 ne
855 3252 916 3315 des
947 3251 1056 3313 haere-

113 3350 255 3414 ditatem
281 3359 378 3415 tuam
399 3354 436 3415 in
456 3353 693 3435 perditionem,
710 3359 750 3414 ut
771 3351 991 3414 dominentur
1004 3351 1054 3412 eis

113 3449 294 3514 nationes?
344 3448 533 3533 Adquievit
563 3451 670 3531 igitur
695 3457 835 3513 sanctus
859 3455 1058 3512 sanctorum

113 3546 209 3610 Deus
240 3549 468 3630 supplicantis
500 3549 619 3612 matris
647 3556 683 3611 et
708 3547 858 3630 apostoli
887 3546 1058 3629 precibuS,

110 3645 253 3728 jamque
270 3648 377 3712 vultu
385 3647 498 3710 factus
509 3647 706 3730 jocundior,
718 3647 809 3708 dixit
825 3644 920 3720 mihi,
936 3643 1058 3708 ‘Vade

114 3751 149 3806 et
171 3744 226 3807 dic
254 3747 382 3828 populo
408 3765 496 3822 meo,
523 3745 687 3827 Lupanar
712 3752 747 3807 et
768 3742 996 3826 prostibulum
1024 3749 1059 3805 et

114 3862 250 3906 omnem
268 3863 290 3906 a
303 3845 402 3908 vobis
420 3851 593 3907 removete
611 3844 769 3919 abusum,
787 3849 823 3905 et
835 3849 952 3904 vestra
969 3839 1059 3904 fleti-

116 3942 180 4003 bus
208 3942 338 4007 abluite
366 3941 532 4018 facinora,
559 3949 595 4004 et
626 3942 670 4004 ad
698 3962 752 4006 me
778 3939 1001 4015 revertimini,
1025 3944 1060 4000 et

116 4059 181 4120 ego
200 4050 355 4104 revertar
379 4041 423 4103 ad
448 4060 524 4117 voa,
555 4048 590 4104 et
614 4039 705 4102 infra
727 4040 879 4122 quinque
904 4037 977 4100 dies
997 4056 1060 4117 ope

115 4146 301 4219 portunum
325 4140 424 4204 vobis
449 4139 636 4220 providebo
657 4139 837 4212 auxilium,
861 4136 943 4217 quia
963 4134 1061 4197 Deus

116 4235 202 4298 nihil
219 4238 348 4301 habens
367 4237 657 4301 immisericordiae
674 4257 738 4318 ego
755 4254 851 4311 sum;
879 4234 1063 4296 decantent

116 4334 268 4414 quotidie
291 4337 442 4412 interim,
466 4335 678 4418 Congregati
700 4343 780 4409 suut
801 4331 931 4395 inimici
953 4329 1063 4406 nostri
