<?xml version="1.0" encoding="UTF-8"?>
<!DOCTYPE html PUBLIC "-//W3C//DTD XHTML 1.0 Transitional//EN"
    "http://www.w3.org/TR/xhtml1/DTD/xhtml1-transitional.dtd">
<html xmlns="http://www.w3.org/1999/xhtml" xml:lang="en" lang="en">
 <head>
  <title>
</title>
<meta http-equiv="Content-Type" content="text/html;charset=utf-8" />
  <meta name='ocr-system' content='tesseract 3.04.00' />
  <meta name='ocr-capabilities' content='ocr_page ocr_carea ocr_par ocr_line ocrx_word'/>
</head>
<body>
  <div class='ocr_page' id='page_1' title='image "./rogeridewendove07rogegoog_0444.png"; bbox 0 0 3178 5194; ppageno 0'>
   <div class='ocr_carea' id='block_1_1' title="bbox 487 537 1177 600">
    <p class='ocr_par' dir='ltr' id='par_1_1' title="bbox 487 537 1177 600">
     <span class='ocr_line' id='line_1_1' title="bbox 487 537 1177 600; baseline 0.01 -7"><span class='ocrx_word' id='word_1_1' title='bbox 487 547 626 594; x_wconf 79' lang='lat' dir='ltr'><strong>rnonns</strong></span> <span class='ocrx_word' id='word_1_2' title='bbox 654 548 924 597; x_wconf 80' lang='lat' dir='ltr'><strong>nrsronmnum.</strong></span> <span class='ocrx_word' id='word_1_3' title='bbox 1111 537 1177 600; x_wconf 74' lang='lat'><strong>2137</strong></span> 
     </span>
    </p>
   </div>
   <div class='ocr_carea' id='block_1_2' title="bbox 216 701 1311 2867">
    <p class='ocr_par' dir='ltr' id='par_1_2' title="bbox 216 701 1311 2867">
     <span class='ocr_line' id='line_1_2' title="bbox 222 701 1311 786; baseline -0.001 -17"><span class='ocrx_word' id='word_1_4' title='bbox 222 713 302 769; x_wconf 91' lang='lat' dir='ltr'><strong>cata</strong></span> <span class='ocrx_word' id='word_1_5' title='bbox 330 706 373 770; x_wconf 91' lang='lat' dir='ltr'><strong>de</strong></span> <span class='ocrx_word' id='word_1_6' title='bbox 403 704 790 786; x_wconf 76' lang='lat' dir='ltr'><strong>potestateinfidelium</strong></span> <span class='ocrx_word' id='word_1_7' title='bbox 817 706 991 770; x_wconf 85' lang='lat' dir='ltr'><strong>liberetur.</strong></span> <span class='ocrx_word' id='word_1_8' title='bbox 1012 737 1017 770; x_wconf 75' lang='lat'>2</span> <span class='ocrx_word' id='word_1_9' title='bbox 1042 701 1243 776; x_wconf 60' lang='lat' dir='ltr'><strong>,¹Acce2ro.</strong></span> <span class='ocrx_word' id='word_1_10' title='bbox 1256 730 1311 769; x_wconf 72' lang='lat' dir='ltr'><strong>ins.</strong></span> 
     </span>
     <span class='ocr_line' id='line_1_3' title="bbox 223 804 1175 892; baseline 0.004 -24"><span class='ocrx_word' id='word_1_11' title='bbox 223 807 274 870; x_wconf 91' lang='lat' dir='ltr'><strong>dit</strong></span> <span class='ocrx_word' id='word_1_12' title='bbox 294 807 398 885; x_wconf 85' lang='lat' dir='ltr'><strong>etiam</strong></span> <span class='ocrx_word' id='word_1_13' title='bbox 421 804 466 866; x_wconf 92' lang='lat' dir='ltr'><strong>ad</strong></span> <span class='ocrx_word' id='word_1_14' title='bbox 490 804 665 888; x_wconf 83' lang='lat' dir='ltr'><strong>cumulum</strong></span> <span class='ocrx_word' id='word_1_15' title='bbox 694 805 888 887; x_wconf 88' lang='lat' dir='ltr'><strong>iniquitatis</strong></span> <span class='ocrx_word' id='word_1_16' title='bbox 918 825 960 869; x_wconf 87' lang='lat' dir='ltr'><strong>ac</strong></span> <span class='ocrx_word' id='word_1_17' title='bbox 990 805 1175 892; x_wconf 84' lang='lat' dir='ltr'><strong>desolatio-</strong></span> 
     </span>
     <span class='ocr_line' id='line_1_4' title="bbox 223 902 1176 987; baseline 0.004 -19"><span class='ocrx_word' id='word_1_18' title='bbox 223 925 300 968; x_wconf 87' lang='lat' dir='ltr'><strong>nem</strong></span> <span class='ocrx_word' id='word_1_19' title='bbox 318 902 845 986; x_wconf 64' lang='lat' dir='ltr'><strong>Ghristianitatis,familiaritas</strong></span> <span class='ocrx_word' id='word_1_20' title='bbox 868 905 1064 987; x_wconf 63' lang='lat' dir='ltr'><strong>quaeriget</strong></span> <span class='ocrx_word' id='word_1_21' title='bbox 1085 908 1176 974; x_wconf 90' lang='lat' dir='ltr'><strong>inter</strong></span> 
     </span>
     <span class='ocr_line' id='line_1_5' title="bbox 223 1002 1175 1087; baseline 0.005 -21"><span class='ocrx_word' id='word_1_22' title='bbox 223 1002 447 1066; x_wconf 86' lang='lat' dir='ltr'><strong>Salaadinum</strong></span> <span class='ocrx_word' id='word_1_23' title='bbox 470 1008 515 1084; x_wconf 38' lang='lat' dir='ltr'><strong>‚et</strong></span> <span class='ocrx_word' id='word_1_24' title='bbox 543 1002 785 1083; x_wconf 78' lang='lat' dir='ltr'><strong>imperatorem</strong></span> <span class='ocrx_word' id='word_1_25' title='bbox 804 1003 1175 1087; x_wconf 20' lang='lat' dir='ltr'><strong>*Constantinopolita-</strong></span> 
     </span>
     <span class='ocr_line' id='line_1_6' title="bbox 223 1099 1173 1178; baseline 0.006 -14"><span class='ocrx_word' id='word_1_26' title='bbox 223 1123 318 1178; x_wconf 91' lang='lat' dir='ltr'><strong>num,</strong></span> <span class='ocrx_word' id='word_1_27' title='bbox 340 1102 397 1165; x_wconf 80' lang='lat' dir='ltr'><strong>&#39;cui</strong></span> <span class='ocrx_word' id='word_1_28' title='bbox 417 1101 559 1165; x_wconf 86' lang='lat' dir='ltr'><strong>tradidit</strong></span> <span class='ocrx_word' id='word_1_29' title='bbox 580 1100 671 1164; x_wconf 91' lang='lat' dir='ltr'><strong>idem</strong></span> <span class='ocrx_word' id='word_1_30' title='bbox 691 1099 898 1167; x_wconf 85' lang='lat' dir='ltr'><strong>Salaadinus</strong></span> <span class='ocrx_word' id='word_1_31' title='bbox 921 1122 1042 1169; x_wconf 89' lang='lat' dir='ltr'><strong>omnes</strong></span> <span class='ocrx_word' id='word_1_32' title='bbox 1064 1107 1173 1170; x_wconf 89' lang='lat' dir='ltr'><strong>eccle-</strong></span> 
     </span>
     <span class='ocr_line' id='line_1_7' title="bbox 223 1199 1174 1287; baseline 0.004 -23"><span class='ocrx_word' id='word_1_33' title='bbox 223 1200 292 1264; x_wconf 86' lang='lat' dir='ltr'><strong>sias</strong></span> <span class='ocrx_word' id='word_1_34' title='bbox 318 1207 419 1264; x_wconf 86' lang='lat' dir='ltr'><strong>terrae</strong></span> <span class='ocrx_word' id='word_1_35' title='bbox 440 1199 690 1281; x_wconf 62' lang='lat' dir='ltr'><strong>promissionis</strong></span> <span class='ocrx_word' id='word_1_36' title='bbox 715 1208 755 1265; x_wconf 90' lang='lat' dir='ltr'><strong>ut</strong></span> <span class='ocrx_word' id='word_1_37' title='bbox 780 1203 816 1265; x_wconf 92' lang='lat' dir='ltr'><strong>in</strong></span> <span class='ocrx_word' id='word_1_38' title='bbox 843 1203 893 1266; x_wconf 90' lang='lat' dir='ltr'><strong>eis</strong></span> <span class='ocrx_word' id='word_1_39' title='bbox 917 1204 1090 1278; x_wconf 80' lang='lat' dir='ltr'><strong>serviatur</strong></span> <span class='ocrx_word' id='word_1_40' title='bbox 1111 1225 1174 1287; x_wconf 90' lang='lat' dir='ltr'><strong>per</strong></span> 
     </span>
     <span class='ocr_line' id='line_1_8' title="bbox 222 1298 1171 1390; baseline 0.006 -28"><span class='ocrx_word' id='word_1_41' title='bbox 222 1319 304 1363; x_wconf 88' lang='lat' dir='ltr'><strong>suos</strong></span> <span class='ocrx_word' id='word_1_42' title='bbox 319 1298 504 1363; x_wconf 90' lang='lat' dir='ltr'><strong>secundum</strong></span> <span class='ocrx_word' id='word_1_43' title='bbox 521 1300 626 1362; x_wconf 88' lang='lat' dir='ltr'><strong>ritum</strong></span> <span class='ocrx_word' id='word_1_44' title='bbox 639 1298 853 1365; x_wconf 72' lang='lat' dir='ltr'><strong>Graecorum.</strong></span> <span class='ocrx_word' id='word_1_45' title='bbox 907 1302 1171 1390; x_wconf 24' lang='lat' dir='ltr'><strong>Insuperletiam</strong></span> 
     </span>
     <span class='ocr_line' id='line_1_9' title="bbox 223 1398 1168 1489; baseline 0.005 -27"><span class='ocrx_word' id='word_1_46' title='bbox 223 1407 258 1462; x_wconf 90' lang='lat' dir='ltr'><strong>et</strong></span> <span class='ocrx_word' id='word_1_47' title='bbox 273 1398 363 1462; x_wconf 90' lang='lat' dir='ltr'><strong>idem</strong></span> <span class='ocrx_word' id='word_1_48' title='bbox 384 1398 589 1461; x_wconf 91' lang='lat' dir='ltr'><strong>Salaadinus</strong></span> <span class='ocrx_word' id='word_1_49' title='bbox 613 1399 707 1462; x_wconf 88' lang='lat' dir='ltr'><strong>misit</strong></span> <span class='ocrx_word' id='word_1_50' title='bbox 726 1400 856 1465; x_wconf 92' lang='lat' dir='ltr'><strong>idolum</strong></span> <span class='ocrx_word' id='word_1_51' title='bbox 876 1407 984 1479; x_wconf 38' lang='lat' dir='ltr'><strong>suum,</strong></span> <span class='ocrx_word' id='word_1_52' title='bbox 997 1402 1168 1489; x_wconf 71' lang='lat' dir='ltr'><strong>Constam</strong></span> 
     </span>
     <span class='ocr_line' id='line_1_10' title="bbox 223 1497 1168 1584; baseline 0.005 -23"><span class='ocrx_word' id='word_1_53' title='bbox 223 1497 402 1579; x_wconf 90' lang='lat' dir='ltr'><strong>tinopolim</strong></span> <span class='ocrx_word' id='word_1_54' title='bbox 432 1498 651 1579; x_wconf 85' lang='lat' dir='ltr'><strong>imperatoris</strong></span> <span class='ocrx_word' id='word_1_55' title='bbox 686 1505 856 1576; x_wconf 61' lang='lat' dir='ltr'><strong>assensu,</strong></span> <span class='ocrx_word' id='word_1_56' title='bbox 874 1506 936 1564; x_wconf 91' lang='lat' dir='ltr'><strong>ut&#39;.</strong></span> <span class='ocrx_word' id='word_1_57' title='bbox 950 1501 998 1564; x_wconf 92' lang='lat' dir='ltr'><strong>ibi</strong></span> <span class='ocrx_word' id='word_1_58' title='bbox 1030 1502 1168 1584; x_wconf 85' lang='lat' dir='ltr'><strong>publico</strong></span> 
     </span>
     <span class='ocr_line' id='line_1_11' title="bbox 222 1595 1167 1680; baseline 0.007 -22"><span class='ocrx_word' id='word_1_59' title='bbox 222 1597 402 1672; x_wconf 85' lang='lat' dir='ltr'><strong>coleretur,</strong></span> <span class='ocrx_word' id='word_1_60' title='bbox 432 1595 491 1658; x_wconf 90' lang='lat' dir='ltr'><strong>sed</strong></span> <span class='ocrx_word' id='word_1_61' title='bbox 522 1616 584 1678; x_wconf 90' lang='lat' dir='ltr'><strong>per</strong></span> <span class='ocrx_word' id='word_1_62' title='bbox 612 1597 760 1678; x_wconf 86' lang='lat' dir='ltr'><strong>gratiam</strong></span> <span class='ocrx_word' id='word_1_63' title='bbox 793 1599 860 1662; x_wconf 90' lang='lat' dir='ltr'><strong>Del</strong></span> <span class='ocrx_word' id='word_1_64' title='bbox 892 1605 1032 1680; x_wconf 92' lang='lat' dir='ltr'><strong>captum</strong></span> <span class='ocrx_word' id='word_1_65' title='bbox 1057 1608 1112 1665; x_wconf 91' lang='lat' dir='ltr'><strong>est</strong></span> <span class='ocrx_word' id='word_1_66' title='bbox 1131 1602 1167 1664; x_wconf 89' lang='lat' dir='ltr'><strong>iu</strong></span> 
     </span>
     <span class='ocr_line' id='line_1_12' title="bbox 221 1694 1167 1782; baseline 0.005 -24"><span class='ocrx_word' id='word_1_67' title='bbox 221 1696 307 1759; x_wconf 93' lang='lat' dir='ltr'><strong>mari</strong></span> <span class='ocrx_word' id='word_1_68' title='bbox 331 1715 353 1758; x_wconf 92' lang='lat' dir='ltr'><strong>a</strong></span> <span class='ocrx_word' id='word_1_69' title='bbox 370 1694 605 1758; x_wconf 84' lang='lat' dir='ltr'><strong>Jauuensibus</strong></span> <span class='ocrx_word' id='word_1_70' title='bbox 636 1703 672 1759; x_wconf 92' lang='lat' dir='ltr'><strong>et</strong></span> <span class='ocrx_word' id='word_1_71' title='bbox 702 1716 780 1760; x_wconf 90' lang='lat' dir='ltr'><strong>cum</strong></span> <span class='ocrx_word' id='word_1_72' title='bbox 804 1699 882 1779; x_wconf 87' lang='lat' dir='ltr'><strong>ipsa</strong></span> <span class='ocrx_word' id='word_1_73' title='bbox 912 1699 994 1762; x_wconf 88' lang='lat' dir='ltr'><strong>navi</strong></span> <span class='ocrx_word' id='word_1_74' title='bbox 1021 1700 1167 1782; x_wconf 90' lang='lat' dir='ltr'><strong>perduc·</strong></span> 
     </span>
     <span class='ocr_line' id='line_1_13' title="bbox 221 1793 1166 1877; baseline 0.005 -20"><span class='ocrx_word' id='word_1_75' title='bbox 221 1802 293 1865; x_wconf 83' lang='lat' dir='ltr'><strong>tum</strong></span> <span class='ocrx_word' id='word_1_76' title='bbox 323 1801 376 1858; x_wconf 88' lang='lat' dir='ltr'><strong>est</strong></span> <span class='ocrx_word' id='word_1_77' title='bbox 407 1794 550 1877; x_wconf 88' lang='lat' dir='ltr'><strong>Tyrum.</strong></span> <span class='ocrx_word' id='word_1_78' title='bbox 604 1793 728 1876; x_wconf 88' lang='lat' dir='ltr'><strong>Nuper</strong></span> <span class='ocrx_word' id='word_1_79' title='bbox 757 1797 862 1859; x_wconf 91' lang='lat' dir='ltr'><strong>etiam</strong></span> <span class='ocrx_word' id='word_1_80' title='bbox 887 1797 1061 1861; x_wconf 84' lang='lat' dir='ltr'><strong>exercitus</strong></span> <span class='ocrx_word' id='word_1_81' title='bbox 1084 1818 1166 1862; x_wconf 89' lang='lat' dir='ltr'><strong>con-</strong></span> 
     </span>
     <span class='ocr_line' id='line_1_14' title="bbox 219 1891 1168 1978; baseline 0.005 -22"><span class='ocrx_word' id='word_1_82' title='bbox 219 1901 371 1957; x_wconf 89' lang='lat' dir='ltr'><strong>structus</strong></span> <span class='ocrx_word' id='word_1_83' title='bbox 397 1900 450 1957; x_wconf 93' lang='lat' dir='ltr'><strong>est</strong></span> <span class='ocrx_word' id='word_1_84' title='bbox 470 1900 552 1957; x_wconf 88' lang='lat' dir='ltr'><strong>aute</strong></span> <span class='ocrx_word' id='word_1_85' title='bbox 572 1893 692 1956; x_wconf 89' lang='lat' dir='ltr'><strong>urbem</strong></span> <span class='ocrx_word' id='word_1_86' title='bbox 707 1891 902 1958; x_wconf 83' lang='lat' dir='ltr'><strong>Antiochiae</strong></span> <span class='ocrx_word' id='word_1_87' title='bbox 923 1902 958 1959; x_wconf 92' lang='lat' dir='ltr'><strong>et</strong></span> <span class='ocrx_word' id='word_1_88' title='bbox 980 1897 1168 1978; x_wconf 88' lang='lat' dir='ltr'><strong>imperator</strong></span> 
     </span>
     <span class='ocr_line' id='line_1_15' title="bbox 220 1991 1166 2075; baseline 0.005 -21"><span class='ocrx_word' id='word_1_89' title='bbox 220 1995 376 2075; x_wconf 89' lang='lat' dir='ltr'><strong>promisit</strong></span> <span class='ocrx_word' id='word_1_90' title='bbox 408 1999 547 2056; x_wconf 88' lang='lat' dir='ltr'><strong>centnm</strong></span> <span class='ocrx_word' id='word_1_91' title='bbox 574 1991 706 2073; x_wconf 84' lang='lat' dir='ltr'><strong>galeias</strong></span> <span class='ocrx_word' id='word_1_92' title='bbox 737 1991 945 2071; x_wconf 82' lang='lat' dir='ltr'><strong>Salaadin03</strong></span> <span class='ocrx_word' id='word_1_93' title='bbox 977 2003 1018 2056; x_wconf 83' lang='lat' dir='ltr'><strong>ac&#39;</strong></span> <span class='ocrx_word' id='word_1_94' title='bbox 1044 1995 1166 2059; x_wconf 60' lang='lat' dir='ltr'><strong>Salaa³</strong></span> 
     </span>
     <span class='ocr_line' id='line_1_16' title="bbox 220 2092 1167 2173; baseline 0.003 -18"><span class='ocrx_word' id='word_1_95' title='bbox 220 2093 320 2155; x_wconf 91' lang='lat' dir='ltr'><strong>dinus</strong></span> <span class='ocrx_word' id='word_1_96' title='bbox 337 2092 432 2156; x_wconf 84' lang='lat' dir='ltr'><strong>dedit</strong></span> <span class='ocrx_word' id='word_1_97' title='bbox 448 2093 479 2155; x_wconf 93' lang='lat' dir='ltr'><strong>ei</strong></span> <span class='ocrx_word' id='word_1_98' title='bbox 498 2097 606 2155; x_wconf 86' lang='lat' dir='ltr'><strong>totam</strong></span> <span class='ocrx_word' id='word_1_99' title='bbox 632 2098 759 2154; x_wconf 88' lang='lat' dir='ltr'><strong>terram</strong></span> <span class='ocrx_word' id='word_1_100' title='bbox 781 2092 1031 2173; x_wconf 87' lang='lat' dir='ltr'><strong>promissionis,</strong></span> <span class='ocrx_word' id='word_1_101' title='bbox 1053 2094 1105 2156; x_wconf 92' lang='lat' dir='ltr'><strong>ita</strong></span> <span class='ocrx_word' id='word_1_102' title='bbox 1127 2101 1167 2158; x_wconf 93' lang='lat' dir='ltr'><strong>ut</strong></span> 
     </span>
     <span class='ocr_line' id='line_1_17' title="bbox 218 2191 1166 2273; baseline 0.003 -20"><span class='ocrx_word' id='word_1_103' title='bbox 218 2191 383 2273; x_wconf 89' lang='lat' dir='ltr'><strong>impediat</strong></span> <span class='ocrx_word' id='word_1_104' title='bbox 399 2191 503 2256; x_wconf 63' lang='lat' dir='ltr'><strong>⁴viam</strong></span> <span class='ocrx_word' id='word_1_105' title='bbox 534 2191 747 2254; x_wconf 87' lang='lat' dir='ltr'><strong>Francorum</strong></span> <span class='ocrx_word' id='word_1_106' title='bbox 772 2192 816 2254; x_wconf 90' lang='lat' dir='ltr'><strong>ad</strong></span> <span class='ocrx_word' id='word_1_107' title='bbox 839 2210 1039 2255; x_wconf 86' lang='lat' dir='ltr'><strong>succursum</strong></span> <span class='ocrx_word' id='word_1_108' title='bbox 1064 2199 1166 2256; x_wconf 88' lang='lat' dir='ltr'><strong>terrae</strong></span> 
     </span>
     <span class='ocr_line' id='line_1_18' title="bbox 219 2289 1167 2372; baseline 0 -19"><span class='ocrx_word' id='word_1_109' title='bbox 219 2295 371 2369; x_wconf 63' lang='lat' dir='ltr'><strong>sanctae}</strong></span> <span class='ocrx_word' id='word_1_110' title='bbox 401 2311 465 2354; x_wconf 93' lang='lat' dir='ltr'><strong>nec</strong></span> <span class='ocrx_word' id='word_1_111' title='bbox 478 2296 544 2353; x_wconf 75' lang='lat' dir='ltr'><strong>{est</strong></span> <span class='ocrx_word' id='word_1_112' title='bbox 565 2289 690 2371; x_wconf 87' lang='lat' dir='ltr'><strong>aliquis</strong></span> <span class='ocrx_word' id='word_1_113' title='bbox 708 2289 800 2372; x_wconf 88' lang='lat' dir='ltr'><strong>apud</strong></span> <span class='ocrx_word' id='word_1_114' title='bbox 817 2289 1167 2372; x_wconf 86' lang='lat' dir='ltr'><strong>Constantinopolim,</strong></span> 
     </span>
     <span class='ocr_line' id='line_1_19' title="bbox 220 2389 1167 2474; baseline 0 -22"><span class='ocrx_word' id='word_1_115' title='bbox 220 2391 291 2470; x_wconf 75' lang='lat' dir='ltr'><strong>quiz</strong></span> <span class='ocrx_word' id='word_1_116' title='bbox 307 2389 627 2474; x_wconf 76' lang='lat' dir='ltr'><strong>c&#39;rucemaccipiat,</strong></span> <span class='ocrx_word' id='word_1_117' title='bbox 648 2390 733 2472; x_wconf 90' lang='lat' dir='ltr'><strong>quin</strong></span> <span class='ocrx_word' id='word_1_118' title='bbox 755 2390 872 2453; x_wconf 90' lang='lat' dir='ltr'><strong>statim</strong></span> <span class='ocrx_word' id='word_1_119' title='bbox 891 2389 1049 2470; x_wconf 90' lang='lat' dir='ltr'><strong>capiatur</strong></span> <span class='ocrx_word' id='word_1_120' title='bbox 1067 2396 1110 2452; x_wconf 89' lang='lat' dir='ltr'><strong>&#39;ot</strong></span> <span class='ocrx_word' id='word_1_121' title='bbox 1131 2391 1167 2452; x_wconf 89' lang='lat' dir='ltr'><strong>in</strong></span> 
     </span>
     <span class='ocr_line' id='line_1_20' title="bbox 216 2487 1168 2560; baseline 0 -9"><span class='ocrx_word' id='word_1_122' title='bbox 216 2488 617 2560; x_wconf 82' lang='lat' dir='ltr'><strong>carceremdetrudatur.</strong></span> <span class='ocrx_word' id='word_1_123' title='bbox 664 2487 745 2552; x_wconf 93' lang='lat' dir='ltr'><strong>Hoc</strong></span> <span class='ocrx_word' id='word_1_124' title='bbox 760 2494 875 2551; x_wconf 90' lang='lat' dir='ltr'><strong>autem</strong></span> <span class='ocrx_word' id='word_1_125' title='bbox 892 2488 992 2550; x_wconf 89' lang='lat' dir='ltr'><strong>nobis</strong></span> <span class='ocrx_word' id='word_1_126' title='bbox 1006 2487 1168 2551; x_wconf 88' lang='lat' dir='ltr'><strong>solatium</strong></span> 
     </span>
     <span class='ocr_line' id='line_1_21' title="bbox 219 2585 1168 2671; baseline 0 -21"><span class='ocrx_word' id='word_1_127' title='bbox 219 2593 282 2662; x_wconf 87' lang='lat' dir='ltr'><strong>est,</strong></span> <span class='ocrx_word' id='word_1_128' title='bbox 313 2587 406 2668; x_wconf 77' lang='lat' dir='ltr'><strong>quod</strong></span> <span class='ocrx_word' id='word_1_129' title='bbox 437 2607 546 2668; x_wconf 88' lang='lat' dir='ltr'><strong>nuper</strong></span> <span class='ocrx_word' id='word_1_130' title='bbox 572 2585 684 2650; x_wconf 81' lang='lat' dir='ltr'><strong>frater</strong></span> <span class='ocrx_word' id='word_1_131' title='bbox 705 2587 881 2650; x_wconf 90' lang='lat' dir='ltr'><strong>Salaadini</strong></span> <span class='ocrx_word' id='word_1_132' title='bbox 906 2593 942 2649; x_wconf 90' lang='lat' dir='ltr'><strong>et</strong></span> <span class='ocrx_word' id='word_1_133' title='bbox 972 2586 1063 2650; x_wconf 89' lang='lat' dir='ltr'><strong>filius</strong></span> <span class='ocrx_word' id='word_1_134' title='bbox 1092 2587 1168 2671; x_wconf 88' lang='lat' dir='ltr'><strong>ojus</strong></span> 
     </span>
     <span class='ocr_line' id='line_1_22' title="bbox 220 2684 1258 2768; baseline 0.001 -19"><span class='ocrx_word' id='word_1_135' title='bbox 220 2693 301 2749; x_wconf 90' lang='lat' dir='ltr'><strong>ante</strong></span> <span class='ocrx_word' id='word_1_136' title='bbox 314 2684 534 2750; x_wconf 87' lang='lat' dir='ltr'><strong>Antiochiam</strong></span> <span class='ocrx_word' id='word_1_137' title='bbox 559 2687 653 2768; x_wconf 89' lang='lat' dir='ltr'><strong>capti</strong></span> <span class='ocrx_word' id='word_1_138' title='bbox 676 2693 815 2751; x_wconf 89' lang='lat' dir='ltr'><strong>suntet</strong></span> <span class='ocrx_word' id='word_1_139' title='bbox 840 2686 904 2750; x_wconf 92' lang='lat' dir='ltr'><strong>sub</strong></span> <span class='ocrx_word' id='word_1_140' title='bbox 928 2685 1029 2750; x_wconf 89' lang='lat' dir='ltr'><strong>salva</strong></span> <span class='ocrx_word' id='word_1_141' title='bbox 1051 2693 1167 2750; x_wconf 92' lang='lat' dir='ltr'><strong>custo·</strong></span> <span class='ocrx_word' id='word_1_142' title='bbox 1256 2699 1258 2703; x_wconf 79' lang='grc'><strong><em>·</em></strong></span> 
     </span>
     <span class='ocr_line' id='line_1_23' title="bbox 219 2779 701 2867; baseline 0.002 -20"><span class='ocrx_word' id='word_1_143' title='bbox 219 2785 278 2848; x_wconf 91' lang='lat' dir='ltr'><strong>dia</strong></span> <span class='ocrx_word' id='word_1_144' title='bbox 293 2785 462 2867; x_wconf 90' lang='lat' dir='ltr'><strong>deputati.</strong></span> <span class='ocrx_word' id='word_1_145' title='bbox 506 2779 676 2848; x_wconf 79' lang='lat' dir='ltr'><strong>²Valete.&#39;</strong></span> <span class='ocrx_word' id='word_1_146' title='bbox 699 2812 701 2814; x_wconf 94' lang='lat'>·</span> 
     </span>
    </p>
   </div>
   <div class='ocr_carea' id='block_1_3' title="bbox 248 2955 1155 3140">
    <p class='ocr_par' dir='ltr' id='par_1_3' title="bbox 248 2955 1155 3140">
     <span class='ocr_line' id='line_1_24' title="bbox 248 2955 1155 3046; baseline 0.007 -28"><span class='ocrx_word' id='word_1_147' title='bbox 248 2955 363 3033; x_wconf 69' lang='lat' dir='ltr'><strong>oeteo</strong></span> <span class='ocrx_word' id='word_1_148' title='bbox 379 2956 416 3019; x_wconf 86' lang='lat' dir='ltr'><strong>de</strong></span> <span class='ocrx_word' id='word_1_149' title='bbox 433 2958 534 3022; x_wconf 73' lang='lat' dir='ltr'><strong>coasts</strong></span> <span class='ocrx_word' id='word_1_150' title='bbox 551 2977 643 3019; x_wconf 83' lang='lat' dir='ltr'><strong>comes</strong></span> <span class='ocrx_word' id='word_1_151' title='bbox 657 2957 838 3022; x_wconf 77' lang='lat' dir='ltr'><strong>Rieleerdes</strong></span> <span class='ocrx_word' id='word_1_152' title='bbox 852 2960 1036 3040; x_wconf 78' lang='lat' dir='ltr'><strong>ofidele’tete</strong></span> <span class='ocrx_word' id='word_1_153' title='bbox 1045 2961 1155 3046; x_wconf 78' lang='lat' dir='ltr'><strong>patrie</strong></span> 
     </span>
     <span class='ocr_line' id='line_1_25' title="bbox 586 3055 1024 3140; baseline 0.021 -25"><span class='ocrx_word' id='word_1_154' title='bbox 586 3055 636 3116; x_wconf 79' lang='lat' dir='ltr'><strong>see&#39;</strong></span> <span class='ocrx_word' id='word_1_155' title='bbox 652 3057 816 3140; x_wconf 75' lang='lat' dir='ltr'><strong>recesserit.</strong></span> <span class='ocrx_word' id='word_1_156' title='bbox 905 3105 911 3110; x_wconf 87' lang='lat'>-</span> <span class='ocrx_word' id='word_1_157' title='bbox 968 3117 972 3125; x_wconf 84' lang='lat'>.</span> <span class='ocrx_word' id='word_1_158' title='bbox 1022 3117 1024 3124; x_wconf 30' lang='lat' dir='ltr'><em>s</em></span> 
     </span>
    </p>
   </div>
   <div class='ocr_carea' id='block_1_4' title="bbox 213 3169 1330 3357">
    <p class='ocr_par' dir='ltr' id='par_1_4' title="bbox 213 3169 1330 3357">
     <span class='ocr_line' id='line_1_26' title="bbox 213 3169 1308 3262; baseline 0.007 -28"><span class='ocrx_word' id='word_1_159' title='bbox 213 3169 419 3256; x_wconf 23' lang='lat' dir='ltr'><strong>211Eodem³</strong></span> <span class='ocrx_word' id='word_1_160' title='bbox 452 3194 543 3238; x_wconf 86' lang='lat' dir='ltr'><strong>auno</strong></span> <span class='ocrx_word' id='word_1_161' title='bbox 573 3182 652 3257; x_wconf 85' lang='lat' dir='ltr'><strong>post</strong></span> <span class='ocrx_word' id='word_1_162' title='bbox 679 3175 882 3240; x_wconf 88' lang='lat' dir='ltr'><strong>Paschalem</strong></span> <span class='ocrx_word' id='word_1_163' title='bbox 914 3178 1168 3242; x_wconf 85' lang='lat' dir='ltr'><strong>solemnitatem</strong></span> <span class='ocrx_word' id='word_1_164' title='bbox 1180 3203 1308 3262; x_wconf 67' lang='lat' dir='ltr'><strong>retemptat</strong></span> 
     </span>
     <span class='ocr_line' id='line_1_27' title="bbox 220 3253 1330 3357; baseline 0.001 -18"><span class='ocrx_word' id='word_1_165' title='bbox 220 3277 273 3340; x_wconf 91' lang='lat' dir='ltr'><strong>bis</strong></span> <span class='ocrx_word' id='word_1_166' title='bbox 305 3276 521 3354; x_wconf 85' lang='lat' dir='ltr'><strong>interreges</strong></span> <span class='ocrx_word' id='word_1_167' title='bbox 550 3274 706 3354; x_wconf 85' lang='lat' dir='ltr'><strong>habitum</strong></span> <span class='ocrx_word' id='word_1_168' title='bbox 741 3281 794 3337; x_wconf 91' lang='lat' dir='ltr'><strong>est</strong></span> <span class='ocrx_word' id='word_1_169' title='bbox 821 3273 1032 3356; x_wconf 91' lang='lat' dir='ltr'><strong>colloquium</strong></span> <span class='ocrx_word' id='word_1_170' title='bbox 1060 3295 1167 3357; x_wconf 90' lang='lat' dir='ltr'><strong>prope</strong></span> <span class='ocrx_word' id='word_1_171' title='bbox 1179 3253 1330 3340; x_wconf 56' lang='lat' dir='ltr'><strong>{titillat</strong></span> 
     </span>
    </p>
   </div>
   <div class='ocr_carea' id='block_1_5' title="bbox 210 3351 1329 3849">
    <p class='ocr_par' dir='ltr' id='par_1_5' title="bbox 210 3351 1329 3849">
     <span class='ocr_line' id='line_1_28' title="bbox 223 3351 1329 3450; baseline 0.002 -13"><span class='ocrx_word' id='word_1_172' title='bbox 223 3373 620 3450; x_wconf 88' lang='lat' dir='ltr'><strong>Feritatem·Bornardi;</strong></span> <span class='ocrx_word' id='word_1_173' title='bbox 648 3372 708 3435; x_wconf 88' lang='lat' dir='ltr'><strong>sed</strong></span> <span class='ocrx_word' id='word_1_174' title='bbox 728 3372 772 3435; x_wconf 91' lang='lat' dir='ltr'><strong>ad</strong></span> <span class='ocrx_word' id='word_1_175' title='bbox 794 3371 965 3448; x_wconf 90' lang='lat' dir='ltr'><strong>ultimum,</strong></span> <span class='ocrx_word' id='word_1_176' title='bbox 985 3373 1021 3435; x_wconf 91' lang='lat' dir='ltr'><strong>in</strong></span> <span class='ocrx_word' id='word_1_177' title='bbox 1038 3372 1167 3436; x_wconf 90' lang='lat' dir='ltr'><strong>hebdo·</strong></span> <span class='ocrx_word' id='word_1_178' title='bbox 1179 3351 1329 3438; x_wconf 59' lang='lat' dir='ltr'><strong>llliilltl‘f</strong></span> 
     </span>
     <span class='ocr_line' id='line_1_29' title="bbox 221 3449 1301 3554; baseline 0.001 -20"><span class='ocrx_word' id='word_1_179' title='bbox 221 3473 323 3536; x_wconf 91' lang='lat' dir='ltr'><strong>mada</strong></span> <span class='ocrx_word' id='word_1_180' title='bbox 354 3472 577 3535; x_wconf 86' lang='lat' dir='ltr'><strong>Pentecostes</strong></span> <span class='ocrx_word' id='word_1_181' title='bbox 607 3471 732 3534; x_wconf 88' lang='lat' dir='ltr'><strong>ibidem</strong></span> <span class='ocrx_word' id='word_1_182' title='bbox 762 3471 1018 3548; x_wconf 89' lang='lat' dir='ltr'><strong>convenientes,</strong></span> <span class='ocrx_word' id='word_1_183' title='bbox 1047 3478 1165 3554; x_wconf 90' lang='lat' dir='ltr'><strong>postu·</strong></span> <span class='ocrx_word' id='word_1_184' title='bbox 1179 3449 1301 3489; x_wconf 57' lang='lat' dir='ltr'><strong>&#39;mm&#39;</strong></span> 
     </span>
     <span class='ocr_line' id='line_1_30' title="bbox 219 3568 1167 3647; baseline 0.003 -16"><span class='ocrx_word' id='word_1_185' title='bbox 219 3570 306 3634; x_wconf 90' lang='lat' dir='ltr'><strong>lavit</strong></span> <span class='ocrx_word' id='word_1_186' title='bbox 339 3590 401 3633; x_wconf 87' lang='lat' dir='ltr'><strong>rex</strong></span> <span class='ocrx_word' id='word_1_187' title='bbox 437 3570 650 3634; x_wconf 89' lang='lat' dir='ltr'><strong>Francorum</strong></span> <span class='ocrx_word' id='word_1_188' title='bbox 681 3568 837 3634; x_wconf 85' lang='lat' dir='ltr'><strong>Alesiam</strong></span> <span class='ocrx_word' id='word_1_189' title='bbox 869 3589 1020 3633; x_wconf 90' lang='lat' dir='ltr'><strong>sororem</strong></span> <span class='ocrx_word' id='word_1_190' title='bbox 1055 3589 1167 3647; x_wconf 91' lang='lat' dir='ltr'><strong>suam,</strong></span> 
     </span>
     <span class='ocr_line' id='line_1_31' title="bbox 221 3667 1165 3750; baseline 0.003 -20"><span class='ocrx_word' id='word_1_191' title='bbox 221 3688 325 3750; x_wconf 92' lang='lat' dir='ltr'><strong>quam</strong></span> <span class='ocrx_word' id='word_1_192' title='bbox 349 3689 413 3733; x_wconf 87' lang='lat' dir='ltr'><strong>rex</strong></span> <span class='ocrx_word' id='word_1_193' title='bbox 430 3667 570 3750; x_wconf 84' lang='lat' dir='ltr'><strong>Angliae</strong></span> <span class='ocrx_word' id='word_1_194' title='bbox 595 3668 716 3732; x_wconf 91' lang='lat' dir='ltr'><strong>habuit</strong></span> <span class='ocrx_word' id='word_1_195' title='bbox 735 3670 800 3733; x_wconf 90' lang='lat' dir='ltr'><strong>sub</strong></span> <span class='ocrx_word' id='word_1_196' title='bbox 822 3669 981 3732; x_wconf 86' lang='lat' dir='ltr'><strong>custodia</strong></span> <span class='ocrx_word' id='word_1_197' title='bbox 1002 3688 1079 3745; x_wconf 91' lang='lat' dir='ltr'><strong>sua,</strong></span> <span class='ocrx_word' id='word_1_198' title='bbox 1104 3669 1165 3734; x_wconf 93' lang='lat' dir='ltr'><strong>do-</strong></span> 
     </span>
     <span class='ocr_line' id='line_1_32' title="bbox 210 3767 1166 3849; baseline 0 -17"><span class='ocrx_word' id='word_1_199' title='bbox 210 3767 300 3832; x_wconf 89' lang='lat' dir='ltr'><strong>nari</strong></span> <span class='ocrx_word' id='word_1_200' title='bbox 329 3767 505 3831; x_wconf 90' lang='lat' dir='ltr'><strong>Richardo</strong></span> <span class='ocrx_word' id='word_1_201' title='bbox 537 3768 655 3830; x_wconf 91' lang='lat' dir='ltr'><strong>comiti</strong></span> <span class='ocrx_word' id='word_1_202' title='bbox 688 3768 725 3831; x_wconf 91' lang='lat' dir='ltr'><strong>in</strong></span> <span class='ocrx_word' id='word_1_203' title='bbox 754 3786 910 3844; x_wconf 82' lang='lat' dir='ltr'><strong>uxorem,</strong></span> <span class='ocrx_word' id='word_1_204' title='bbox 942 3773 977 3830; x_wconf 90' lang='lat' dir='ltr'><strong>et</strong></span> <span class='ocrx_word' id='word_1_205' title='bbox 1015 3769 1166 3849; x_wconf 89' lang='lat' dir='ltr'><strong>aliquam</strong></span> 
     </span>
    </p>
   </div>
   <div class='ocr_carea' id='block_1_6' title="bbox 152 3864 1167 3949">
    <p class='ocr_par' dir='ltr' id='par_1_6' title="bbox 152 3864 1167 3949">
     <span class='ocr_line' id='line_1_33' title="bbox 152 3864 1167 3949; baseline 0 -19"><span class='ocrx_word' id='word_1_206' title='bbox 152 3903 156 3909; x_wconf 92' lang='lat'><em>·</em></span> <span class='ocrx_word' id='word_1_207' title='bbox 221 3868 441 3932; x_wconf 88' lang='lat' dir='ltr'><strong>securitatem</strong></span> <span class='ocrx_word' id='word_1_208' title='bbox 465 3867 530 3930; x_wconf 87' lang='lat' dir='ltr'><strong>sibi</strong></span> <span class='ocrx_word' id='word_1_209' title='bbox 556 3865 630 3928; x_wconf 85' lang='lat' dir='ltr'><strong>fie&#39;ri</strong></span> <span class='ocrx_word' id='word_1_210' title='bbox 657 3867 700 3930; x_wconf 91' lang='lat' dir='ltr'><strong>de</strong></span> <span class='ocrx_word' id='word_1_211' title='bbox 724 3887 832 3948; x_wconf 84' lang='lat' dir='ltr'><strong>regno</strong></span> <span class='ocrx_word' id='word_1_212' title='bbox 848 3864 989 3946; x_wconf 83' lang='lat' dir='ltr'><strong>Angliae</strong></span> <span class='ocrx_word' id='word_1_213' title='bbox 1011 3873 1091 3949; x_wconf 92' lang='lat' dir='ltr'><strong>post</strong></span> <span class='ocrx_word' id='word_1_214' title='bbox 1108 3867 1167 3930; x_wconf 90' lang='lat' dir='ltr'><strong>de·</strong></span> 
     </span>
    </p>
   </div>
   <div class='ocr_carea' id='block_1_7' title="bbox 218 4045 1170 4387">
    <p class='ocr_par' dir='ltr' id='par_1_7' title="bbox 218 4045 1170 4387">
     <span class='ocr_line' id='line_1_34' title="bbox 257 4045 1169 4114; baseline -0.004 -14"><span class='ocrx_word' id='word_1_215' title='bbox 257 4049 395 4114; x_wconf 77' lang='lat' dir='ltr'><strong>&#39;Accedit.]</strong></span> <span class='ocrx_word' id='word_1_216' title='bbox 413 4050 491 4099; x_wconf 84' lang='lat' dir='ltr'><strong>what</strong></span> <span class='ocrx_word' id='word_1_217' title='bbox 496 4049 594 4098; x_wconf 82' lang='lat' dir='ltr'><strong>follows</strong></span> <span class='ocrx_word' id='word_1_218' title='bbox 605 4049 628 4097; x_wconf 82' lang='lat' dir='ltr'><strong>ir</strong></span> <span class='ocrx_word' id='word_1_219' title='bbox 638 4054 682 4097; x_wconf 91' lang='lat' dir='ltr'><strong>not</strong></span> <span class='ocrx_word' id='word_1_220' title='bbox 743 4045 754 4074; x_wconf 81' lang='lat'><strong>¹</strong></span> <span class='ocrx_word' id='word_1_221' title='bbox 766 4047 874 4110; x_wconf 67' lang='lat' dir='ltr'><strong>Valde]</strong></span> <span class='ocrx_word' id='word_1_222' title='bbox 890 4047 944 4095; x_wconf 85' lang='lat' dir='ltr'><strong>The</strong></span> <span class='ocrx_word' id='word_1_223' title='bbox 954 4047 1029 4096; x_wconf 87' lang='lat' dir='ltr'><strong>letter</strong></span> <span class='ocrx_word' id='word_1_224' title='bbox 1040 4047 1066 4094; x_wconf 92' lang='lat' dir='ltr'><strong>in</strong></span> <span class='ocrx_word' id='word_1_225' title='bbox 1077 4047 1169 4096; x_wconf 91' lang='lat' dir='ltr'><strong>Diceto</strong></span> 
     </span>
     <span class='ocr_line' id='line_1_35' title="bbox 219 4115 1080 4182; baseline -0.006 -12"><span class='ocrx_word' id='word_1_226' title='bbox 219 4124 245 4170; x_wconf 89' lang='lat' dir='ltr'><strong>iu</strong></span> <span class='ocrx_word' id='word_1_227' title='bbox 268 4122 369 4182; x_wconf 88' lang='lat' dir='ltr'><strong>Dicet0‚</strong></span> <span class='ocrx_word' id='word_1_228' title='bbox 388 4122 435 4168; x_wconf 86' lang='lat' dir='ltr'><strong>but</strong></span> <span class='ocrx_word' id='word_1_229' title='bbox 452 4133 541 4180; x_wconf 81' lang='lat' dir='ltr'><strong>agrees</strong></span> <span class='ocrx_word' id='word_1_230' title='bbox 558 4118 620 4168; x_wconf 87' lang='lat' dir='ltr'><strong>with</strong></span> <span class='ocrx_word' id='word_1_231' title='bbox 638 4118 681 4166; x_wconf 91' lang='lat' dir='ltr'><strong>the</strong></span> <span class='ocrx_word' id='word_1_232' title='bbox 706 4119 729 4166; x_wconf 91' lang='lat' dir='ltr'><strong>is</strong></span> <span class='ocrx_word' id='word_1_233' title='bbox 737 4116 813 4165; x_wconf 88' lang='lat' dir='ltr'><strong>dated</strong></span> <span class='ocrx_word' id='word_1_234' title='bbox 825 4117 901 4178; x_wconf 75' lang='lat' dir='ltr'><strong>Tyro,</strong></span> <span class='ocrx_word' id='word_1_235' title='bbox 914 4119 944 4164; x_wconf 75' lang='lat'><strong>12</strong></span> <span class='ocrx_word' id='word_1_236' title='bbox 955 4115 1009 4165; x_wconf 84' lang='lat' dir='ltr'><strong>kal.</strong></span> <span class='ocrx_word' id='word_1_237' title='bbox 1021 4115 1080 4166; x_wconf 89' lang='lat' dir='ltr'><strong>Oct.</strong></span> 
     </span>
     <span class='ocr_line' id='line_1_36' title="bbox 219 4184 1170 4252; baseline -0.009 -12"><span class='ocrx_word' id='word_1_238' title='bbox 219 4207 284 4252; x_wconf 90' lang='lat' dir='ltr'><strong>copy</strong></span> <span class='ocrx_word' id='word_1_239' title='bbox 301 4190 330 4240; x_wconf 83' lang='lat' dir='ltr'><strong>of</strong></span> <span class='ocrx_word' id='word_1_240' title='bbox 346 4190 388 4238; x_wconf 91' lang='lat' dir='ltr'><strong>the</strong></span> <span class='ocrx_word' id='word_1_241' title='bbox 404 4189 478 4237; x_wconf 90' lang='lat' dir='ltr'><strong>letter</strong></span> <span class='ocrx_word' id='word_1_242' title='bbox 494 4189 568 4250; x_wconf 82' lang='lat' dir='ltr'><strong>given</strong></span> <span class='ocrx_word' id='word_1_243' title='bbox 583 4189 618 4250; x_wconf 85' lang='lat' dir='ltr'><strong>by</strong></span> <span class='ocrx_word' id='word_1_244' title='bbox 630 4189 680 4238; x_wconf 87' lang='lat' dir='ltr'><strong>Ba·</strong></span> <span class='ocrx_word' id='word_1_245' title='bbox 741 4184 937 4248; x_wconf 78' lang='lat' dir='ltr'><strong>³Eedemonno.]</strong></span> <span class='ocrx_word' id='word_1_246' title='bbox 949 4185 1170 4246; x_wconf 76' lang='lat' dir='ltr'><strong>Dicet0‚col.ttlt;</strong></span> 
     </span>
     <span class='ocr_line' id='line_1_37' title="bbox 218 4253 1169 4324; baseline -0.007 -16"><span class='ocrx_word' id='word_1_247' title='bbox 218 4261 313 4324; x_wconf 87' lang='lat' dir='ltr'><strong>ronius,</strong></span> <span class='ocrx_word' id='word_1_248' title='bbox 324 4260 357 4310; x_wconf 88' lang='lat' dir='ltr'><strong>ad</strong></span> <span class='ocrx_word' id='word_1_249' title='bbox 369 4275 409 4309; x_wconf 88' lang='lat' dir='ltr'><strong>an.</strong></span> <span class='ocrx_word' id='word_1_250' title='bbox 423 4262 504 4318; x_wconf 78' lang='lat'>11873</span> <span class='ocrx_word' id='word_1_251' title='bbox 517 4255 529 4320; x_wconf 70' lang='grc' dir='ltr'><strong>ξ</strong></span> <span class='ocrx_word' id='word_1_252' title='bbox 540 4260 564 4306; x_wconf 84' lang='grc'><strong>9.</strong></span> <span class='ocrx_word' id='word_1_253' title='bbox 707 4256 841 4312; x_wconf 86' lang='lat' dir='ltr'><strong>Hoveden,</strong></span> <span class='ocrx_word' id='word_1_254' title='bbox 851 4270 877 4315; x_wconf 88' lang='lat' dir='ltr'><strong>p.</strong></span> <span class='ocrx_word' id='word_1_255' title='bbox 889 4258 951 4316; x_wconf 72' lang='lat'><strong>6523</strong></span> <span class='ocrx_word' id='word_1_256' title='bbox 974 4255 1105 4304; x_wconf 87' lang='lat' dir='ltr'><strong>Benedict.</strong></span> <span class='ocrx_word' id='word_1_257' title='bbox 1116 4253 1169 4302; x_wconf 86' lang='lat' dir='ltr'><strong>Ab·</strong></span> 
     </span>
     <span class='ocr_line' id='line_1_38' title="bbox 419 4328 867 4387; baseline -0.007 -11"><span class='ocrx_word' id='word_1_258' title='bbox 419 4331 423 4338; x_wconf 92' lang='lat'>&#39;</span> <span class='ocrx_word' id='word_1_259' title='bbox 705 4328 761 4387; x_wconf 79' lang='lat' dir='ltr'><strong>bas,</strong></span> <span class='ocrx_word' id='word_1_260' title='bbox 772 4340 797 4386; x_wconf 86' lang='lat' dir='ltr'><strong>p.</strong></span> <span class='ocrx_word' id='word_1_261' title='bbox 810 4328 867 4373; x_wconf 77' lang='lat'>541.</span> 
     </span>
    </p>
   </div>
   <div class='ocr_carea' id='block_1_8' title="bbox 0 0 1594 5194">
    <p class='ocr_par' dir='ltr' id='par_1_8' title="bbox 0 0 1594 5194">
     <span class='ocr_line' id='line_1_39' title="bbox 0 0 1594 5194; baseline 0 3"><span class='ocrx_word' id='word_1_262' title='bbox 0 0 1594 5194; x_wconf 95' lang='lat' dir='ltr'><strong> </strong></span> 
     </span>
    </p>
   </div>
  </div>
 </body>
</html>
