3104 5186
398 569 539 618 nnoans
562 569 833 618 ursronmnun.
1026 553 1091 618 139

134 727 287 806 balistis,
302 728 440 794 'lurcos
455 731 516 812 qui
531 730 567 793 iu
583 730 735 794 turribus
758 735 869 806 erant,
893 747 937 792 ne
950 747 1091 794 manum
1102 741 1158 784 ut>-
1168 743 1226 783 ¹⁰⁹⁰·

135 835 281 913 possent
297 849 454 907 exerere,
471 829 644 894 indefesso
663 829 778 893 studio
797 847 936 912 operam
948 828 1090 907 dabant,
1101 791 1251 884 m...

137 931 197 993 alii
223 929 365 1010 sagittis
386 937 422 993 et
433 928 533 1012 jactu
552 929 706 1011 lapidum
731 929 825 993 cives
848 947 870 992 a
891 947 1091 1012 propugna-

137 1029 225 1092 culis
254 1029 492 1111 repellebant3
526 1027 620 1092 cives
650 1028 912 1110 aequipollenter
937 1027 1008 1092 tela
1036 1049 1090 1092 re·

138 1129 325 1192 mittebant
353 1135 389 1191 et
414 1127 559 1210 lapides,
585 1135 689 1210 atque
714 1128 828 1208 ignem
856 1127 893 1190 in
916 1126 995 1191 ollis
1020 1126 1090 1192 fra·

140 1228 269 1309 gilibus
292 1246 372 1292 cum
399 1227 564 1310 sulphure
590 1236 625 1291 et
651 1229 739 1309 pice,
766 1226 888 1290 arvina
914 1234 950 1290 et
976 1226 1090 1309 adipe,

141 1335 282 1408 stuppa,
307 1346 400 1402 cera,
429 1327 533 1408 lignis
561 1326 667 1389 aridis
693 1334 728 1390 et
753 1326 884 1408 stipula
908 1325 1090 1408 impositis,

140 1433 179 1490 ut
200 1432 342 1490 nostras
364 1425 542 1489 machinas
565 1425 798 1503 incenderent,
819 1431 854 1488 et
874 1424 943 1488 alia
961 1424 1090 1488 instru-

141 1533 258 1589 menta
271 1525 397 1588 bellica
408 1526 666 1608 retorquebant.
681 1525 805 1589 Fiebat
814 1525 931 1606 itaque
943 1530 1090 1588 exutrc·

142 1643 208 1706 qne
232 1625 365 1705 populo
394 1631 530 1706 strages
554 1643 623 1689 non
646 1623 793 1698 modica,
815 1623 897 1686 dum
920 1621 980 1686 alii
1001 1623 1089 1705 lapi·

142 1723 221 1786 dum
251 1723 354 1806 jactu
381 1725 648 1787 conterebantur
677 1723 714 1787 in
747 1722 871 1800 frusta,
901 1721 960 1785 alii
994 1729 1090 1786 trans

141 1822 266 1886 loricas
284 1828 321 1885 et
342 1820 483 1904 clypeos
505 1821 790 1886 confodiebantur
805 1822 896 1898 telis,
912 1821 971 1884 alii
985 1819 1091 1885 lunda

144 1928 177 1984 et
191 1921 310 2004 lapide
325 1923 587 2000 sternebantur3
614 1940 677 1985 nec
692 1927 766 1984 erat
784 1920 885 1984 facile
898 1920 1091 1984 discernere

143 2027 217 2083 uter
232 2039 313 2083 cum
326 2019 458 2104 majore
473 2020 588 2085 studio
605 2020 753 2104 populus
769 2020 972 2090 decertaret.
1005 2017 1091 2084 Erat

143 2125 259 2183 tamen
280 2138 354 2182 una
373 2139 418 2182 ex
440 2119 607 2183 machinis
630 2120 770 2196 nostris,
795 2139 873 2202 quae
898 2137 987 2182 saxa
1014 2119 1092 2182 miri

143 2218 303 2301 ponderis
336 2219 374 2281 in
399 2220 518 2283 urbem
544 2219 655 2283 multa
679 2219 847 2282 violentia
881 2219 1091 2295 remittebat,

144 2323 404 2399 contraquam,
426 2337 504 2380 cum
529 2318 626 2380 nulla
653 2324 728 2381 arte
749 2325 892 2400 possent
913 2317 1091 2400 proficere,

143 2417 228 2480 duas
252 2417 475 2480 adduxerunt
499 2416 686 2494 maleficas,
711 2424 751 2481 ut
778 2437 855 2481 eam
881 2416 1092 2481 fascinarent

144 2524 176 2580 et
203 2517 339 2581 artibus
359 2516 503 2598 magicis
524 2515 707 2580 redderent
726 2516 970 2598 impotentem
1000 2535 1090 2599 quae,

145 2615 222 2679 dum
247 2615 322 2679 suis
352 2615 524 2680 instarent
550 2615 735 2698 praestigiis
770 2634 875 2698 super
898 2635 1035 2678 murum
1056 2624 1092 2680 et

144 2715 447 2792 incantationibus,
464 2735 510 2779 ex
525 2715 645 2778 eadem
660 2715 819 2779 machina
834 2715 974 2780 molaris
992 2717 1092 2778 emis-

145 2833 199 2878 sus
226 2822 411 2896 utramque
439 2814 590 2891 illarum,
614 2834 692 2877 cum
715 2815 825 2878 tribus
852 2814 984 2878 ancillis
1013 2833 1091 2895 quae

145 2913 280 2977 illarum
319 2913 459 2977 fuerant
496 2933 652 2996 gressum
690 2915 911 2996 [comitatae],
949 2920 1091 2997 repente

146 3012 308 3076 contrivit
326 3019 363 3076 et
383 3033 429 3076 ex
446 3033 545 3076 muro
565 3011 707 3075 inferius
725 3013 901 3076 exanimes
918 3014 954 3076 in
979 3012 1091 3077 fossa-

145 3119 213 3175 tum
244 3111 396 3195 dejecit;
429 3111 521 3176 unde
535 3112 571 3175 in
590 3112 714 3177 castris
737 3111 852 3176 factus
876 3119 929 3175 cst
947 3113 1090 3195 plausus

144 3211 266 3293 ingens
283 3218 319 3274 et
336 3210 520 3289 exultatio,
537 3217 573 3274 et
598 3231 617 3274 e
641 3211 815 3275 contrario
837 3211 970 3276 civibus
987 3230 1091 3274 moes·

144 3311 221 3374 titia
247 3311 371 3392 iugens
392 3310 553 3375 accrevit.
600 3308 689 3373 Cum
710 3311 818 3392 igitur
837 3329 947 3393 usque
971 3310 1008 3373 in
1031 3309 1093 3372 ho·

144 3429 216 3473 ram
246 3408 315 3472 diei
344 3411 527 3492 septimam
550 3409 624 3472 sina
650 3416 746 3474 certa
768 3409 914 3473 victoria
938 3415 1093 3490 protrac-

145 3516 218 3572 tum
240 3514 334 3572 esset
353 3511 543 3591 negotium,
566 3507 788 3590 desperantes
806 3509 916 3572 nostri
933 3516 969 3572 et
988 3527 1094 3590 supra

145 3608 236 3672 vires
262 3608 403 3688 fatigati
425 3608 620 3672 babuerunt
652 3607 866 3691 propositum
892 3607 1037 3672 castella
1058 3615 1094 3672 et

146 3707 323 3771 machinas
347 3707 435 3770 alias
451 3708 528 3790 Jam
552 3707 634 3788 igne
659 3713 798 3789 recepto
824 3701 1001 3770 fumantes‘
1016 3706 1089 3769 lon·

146 3807 222 3888 gius
245 3825 268 3868 a
291 3806 399 3870 muris
417 3825 546 3884 arcere,
562 3813 598 3870 et
611 3825 721 3887 usque
738 3807 774 3869 in
796 3806 886 3870 diem
905 3806 1093 3870 crastinum

147 3905 345 3971 conflictum
361 3905 509 3983 differre,
523 3925 601 3970 cum
618 3924 697 3969 ecce
713 3906 824 3970 virtus
846 3906 965 3969 divina
984 3905 1094 3968 adfuit

148 4013 182 4068 et
209 4006 314 4069 rebus
342 4005 532 4088 desperatis
570 4006 723 4069 solamen
754 4004 920 4083 donavit;
949 4023 1029 4067 nam
1051 4003 1094 4066 de

149 4111 264 4167 monte
283 4103 413 4168 Oliveti
428 4105 526 4167 miles
544 4104 696 4186 quidam,
716 4103 932 4187 splendidum
955 4112 991 4167 et
1009 4103 1094 4166 satis

23 4227 25 4266 τ
150 4202 372 4283 refulgentem
401 4204 600 4267 ventilando
629 4204 800 4286 clypeum,
832 4205 970 4286 signum
1000 4201 1097 4266 dedit

151 4301 274 4364 nostris
297 4302 504 4384 legionibus
529 4311 567 4367 ut
591 4303 741 4368 redirent
766 4303 810 4366 ad
837 4303 1034 4366 condictum
1061 4307 1096 4363 et
