3138 5184
396 559 555 621 ‘anonas
579 573 848 620 ursronmnuu.
1036 557 1103 621 239

151 728 307 812 expulsis
338 731 512 796 canonicis
539 730 776 806 saecularibus,
804 729 881 793 loco
907 747 1025 792 eorum
1050 747 1102 794 re·
1115 751 1170 792 nn.
1183 751 1238 790 na

151 829 289 909 gulares
318 837 401 893 sunt
437 830 593 894 canonici
627 829 825 894 introducti.
886 827 985 910 Papa
1013 848 1095 892 vero

152 928 229 990 inde
258 927 390 992 Remos
416 929 591 1010 profectus
613 929 725 993 tenuit
751 928 798 991 ibi
828 921 1040 1003 ¹concilium,
1065 927 1101 990 in
1114 951 1232 994 cauneuor

154 1046 220 1108 quo
254 1027 421 1090 damnata
452 1036 505 1094 est
537 1028 679 1091 haeresis
707 1026 862 1090 Eudonis
891 1001 1211 1108 pseudopro-m*

155 1125 281 1206 phetae,
315 1126 358 1188 de
384 1126 483 1210 cujus
517 1125 808 1190 incantationibus
827 1132 879 1198 ‚et
909 1124 1102 1207 phantasiis

155 1224 278 1287 melius
305 1232 357 1287 est
385 1225 486 1289 silere
511 1245 616 1307 quam
643 1225 747 1306 loqui.
802 1223 846 1288 Iu
876 1223 940 1287 hoc
966 1243 1103 1306 quoquc

156 1322 301 1387 concilio
317 1325 498 1388 constituit
519 1323 764 1406 praedicatores
784 1309 829 1386 ¹de
843 1324 986 1404 negotio
1003 1330 1104 1386 terrae

155 1429 299 1498 sanctae,
322 1441 400 1504 quae
424 1442 465 1486 eo
484 1430 639 1506 tempore
667 1421 753 1485 adeo
772 1429 847 1486 erat
872 1441 894 1486 a
923 1420 1105 1484 Saracenis

155 1538 334 1603 oppressa,
359 1521 451 1602 quod
481 1522 597 1586 liberis
624 1521 834 1585 discursibus
862 1515 899 1584 et
924 1521 998 1584 sine
1024 1539 1105 1583 con-

155 1619 364 1684 tradictione
386 1640 463 1685 cam
485 1621 630 1685 ubilibet
652 1626 905 1703 pervagareut3
931 1618 1039 1700 igitur
1060 1618 1104 1681 ad

155 1717 437 1800 praedicationem
474 1719 656 1795 Bemardi,
692 1720 827 1783 abbatis
860 1718 1105 1783 claraevallen·

157 1817 216 1894 sis,
232 1815 428 1895 Conradus,
446 1819 683 1883 Romanorum
702 1818 902 1901 imperator,
919 1836 1020 1881 cruce
1036 1816 1107 1896 sig-

158 1923 262 1980 natus
289 1925 344 1981 est
368 1923 403 1982 et
426 1937 504 1981 cum
526 1939 567 1982 eo
588 1919 770 1982 innumera
790 1915 966 1981 hominum
992 1915 1105 1978 multi·

160 2017 255 2080 tudo.
320 2016 444 2081 Mense
475 2025 590 2082 autem
621 2016 718 2081 Maio
748 2016 907 2098 proximo
940 2020 1106 2095 sequente
1118 2028 1211 2069 crunno

1118 2080 1186 2118 nuder

159 2115 273 2180 dictus
303 2115 492 2198 imperator
518 2117 585 2180 iter
617 2114 906 2198 peregrinationis
937 2113 1106 2194 arripiens
1119 2128 1252 2218 qnoqrfflu

160 2214 262 2277 duxit
278 2233 395 2278 secum
410 2215 453 2279 ad
476 2215 699 2298 septuaginta
720 2215 830 2278 millia
851 2213 1006 2294 equitum
1028 2211 1171 2276 lori-vu·

161 2319 330 2391 catorum,
357 2315 512 2397 exceptis
539 2315 712 2396 peditibus
734 2321 771 2376 et
790 2311 957 2396 parvulis,
983 2310 1107 2374 mulie-

162 2412 270 2488 ribus,
284 2412 526 2496 equitibusque
540 2414 627 2478 levis
646 2420 844 2476 armaturae.
896 2411 1044 2475 Secutus
1055 2417 1109 2472 est

163 2531 301 2593 quoque
331 2511 429 2576 illum
452 2511 670 2590 Lodowicus,
693 2532 755 2576 rex
780 2512 1005 2587 Francorum,
1031 2528 1107 2573 cum

163 2630 230 2674 non
253 2610 379 2674 minori
400 2631 542 2676 numero
564 2619 788 2688 armatorum,
810 2612 870 2693 qui
891 2609 1107 2693 propositum

164 2709 331 2773 habentes
370 2713 580 2793 segregatim
619 2711 795 2787 invadere,
829 2717 869 2773 ut
899 2707 1111 2773 commodius

164 2808 229 2871 sibi
242 2808 324 2871 vitae
340 2812 535 2874 necessaria
551 2818 587 2874 et
597 2811 767 2895 jumentis
784 2808 912 2892 pabula
927 2828 997 2871 non
1013 2807 1110 2870 dees·

165 2914 255 2983 sent,
270 2908 431 2989 [profecti
443 2911 554 2990 sunt]
581 2903 817 2974 ²Transcursa
828 2907 947 2989 itaque
960 2905 1112 2970 Bavaria

165 3012 199 3069 et
219 3006 382 3071 Danubio
405 3008 556 3085 flumine,
577 3008 732 3084 Austria,
753 3007 937 3088 Huugaria
958 3013 993 3069 et
1014 3012 1111 3068 utra·

167 3125 233 3186 que
271 3105 466 3184 Pannonia,
507 3108 740 3189 Bulgarorum
775 3107 879 3170 etiam
913 3104 1111 3189 provinciis,

168 3205 297 3268 ltloesia
314 3212 350 3269 ct
369 3206 494 3283 Dacia,
510 3207 650 3271 tandem
667 3207 704 3269 in
722 3205 905 3268 Thraciam
928 3202 1113 3268 descende·

167 3310 261 3367 runt.
320 3304 407 3368 Inde
426 3304 763 3388 Constantinopolim
779 3303 1018 3387 pervenientes
1034 3319 1113 3363 cum

166 3405 376 3484 imperatore
394 3403 557 3468 Manuele
579 3404 789 3486 colloquium
808 3402 1023 3478 habuerunt;
1055 3399 1113 3462 de·

166 3503 248 3566 inde
272 3503 421 3567 transito
447 3502 690 3586 Hellesponto,
712 3502 862 3584 Europae
889 3500 1046 3575 termino,
1076 3498 1114 3561 iu

167 3601 384 3685 Bithyniam,
400 3621 479 3684 quac
494 3603 606 3685 prima
620 3609 674 3666 est
695 3621 741 3667 ex
756 3600 900 3665 Asianis
915 3599 1114 3682 provinciis,

167 3700 202 3762 in
227 3720 320 3782 pago
344 3700 592 3766 Calcedonensi
615 3709 731 3766 castra
756 3706 964 3764 statuerunt.
1016 3698 1116 3761 Tunc

168 3799 358 3881 imperator
368 3799 805 3876 RomanorumConradus,
819 3797 1017 3887 transjectis
1027 3797 1116 3860 Bos·
1187 3845 1190 3852 ,

169 3897 315 3979 phorum
344 3898 538 3982 legionibus
566 3901 651 3977 suis,
680 3906 716 3964 et
743 3899 941 3980 relinquens
970 3915 993 3959 a
1028 3896 1118 3959 laeva

205 4061 382 4128 ¹Concilium.]
406 4065 566 4116 'l'herewere
579 4069 631 4113 two
656 4065 709 4113 The
724 4064 824 4112 conncil
841 4061 870 4111 οἰ
883 4061 987 4109 Rheims
1004 4074 1059 4108 was
1075 4063 1119 4109 not

169 4135 282 4182 councils
293 4133 352 4183 held
363 4135 387 4182 iu
400 4135 451 4184 this
462 4151 523 4197 year
538 4151 571 4184 ou
588 4135 631 4183 the
656 4133 716 4183 held
727 4134 792 4181 until
803 4137 854 4180 two
865 4144 938 4192 years
949 4129 1107 4179 afterwards.

171 4204 307 4264 subiectos
320 4204 362 4253 the
379 4205 509 4266 crusades,
525 4205 567 4254 the
584 4218 631 4253 one

171 4273 324 4334 utVeaelay,
331 4273 374 4322 the
385 4274 631 4332 otherathartres3
690 4265 890 4338 wama-m]
919 4269 991 4319 Will.
1010 4268 1071 4330 Tyr.
1093 4284 1120 4330 p.

173 4341 264 4392 Batou.
287 4343 381 4394 Annal.
404 4344 438 4392 ad
456 4358 498 4394 an.
515 4341 529 4408 ξ
545 4347 570 4393 1.
591 4347 631 4393 11.
655 4345 713 4391 901.
