3144 5180
478 549 544 615 258
740 565 874 614 nonum
898 567 945 614 nn
967 563 1176 615 wnuuovna

319 739 374 779 Aul>
363 739 471 829 „upum
481 726 566 801 sius,
590 723 668 807 pius
691 726 759 789 Dei
785 724 895 789 Filius
918 743 1090 808 apparens
1112 724 1144 788 ei
1166 725 1268 789 duxit
1289 741 1368 787 eum
1391 723 1432 784 in

318 789 471 930 ffitpffof
482 825 596 889 locum
619 823 805 901 desertum,
831 832 867 889 et
897 825 1048 889 ostendit
1075 823 1127 888 illi
1151 823 1351 906 speluncam
1373 839 1435 884 ro-

483 923 626 988 tundam
643 931 679 988 et
693 925 874 989 obscuram
892 924 1120 1001 intrinsecus,
1131 931 1166 988 et
1182 922 1309 998 dixit,‘
1322 919 1433 998 Quis·

484 1023 562 1106 quis
579 1025 747 1087 veraciter
764 1024 938 1105 poenitens
958 1024 1024 1086 et
1014 1042 1049 1085 1n
1067 1023 1134 1086 fide
1151 1029 1315 1086 constans
1338 1019 1433 1083 hanc

483 1121 719 1203 speluncam
709 1141 887 1203 ingressus
907 1121 1011 1186 fuerit
1037 1123 1152 1203 spatio
1171 1121 1273 1184 unius
1295 1118 1363 1182 diei
1388 1137 1434 1181 ac

485 1219 609 1297 noctis,
635 1222 681 1284 ab
708 1223 867 1285 omnibus
893 1221 930 1283 in
961 1240 1004 1284 ea
1030 1221 1236 1302 purgabitur
1265 1217 1434 1301 peccatis,

485 1320 609 1402 quibus
635 1321 671 1383 in
699 1325 774 1383 tota
798 1320 871 1384 vita
894 1338 959 1382 sua
987 1321 1099 1383 Deum
1124 1317 1291 1395 offendit3
1325 1324 1437 1400 atque

486 1438 562 1482 eam
587 1418 784 1499 ingrediens
809 1438 879 1482 non
909 1418 1021 1483 solum
1045 1423 1218 1482 tormenta
1249 1416 1436 1492 malorum,

486 1517 559 1593 sed,
576 1516 606 1579 si
629 1517 664 1579 in
680 1515 748 1580 Dei
769 1517 953 1582 dilectione
973 1523 1172 1581 constanter
1188 1533 1436 1597 perseverave-

487 1616 544 1692 rit,
566 1613 697 1679 videbit
719 1623 754 1679 et
779 1617 907 1698 gaudia
934 1616 1139 1680 beatorum.'
1186 1615 1255 1691 Sic,
1280 1615 1437 1678 Domino

486 1713 696 1796 disparente,
724 1722 865 1779 sanctus
892 1715 1078 1792 Patricius,
1104 1722 1177 1778 tam
1200 1731 1263 1796 pro
1289 1713 1438 1777 Domini

486 1813 705 1894 apparitione
717 1833 821 1896 quam
836 1834 900 1896 pro
913 1816 1088 1897 speluncae
1103 1813 1299 1878 ostensione
1315 1811 1437 1890 laetus,

487 1913 651 1994 sperabat
666 1913 828 1978 miserum
847 1912 1026 1978 Hiberniae
1040 1914 1206 1996 populum
1215 1931 1254 1976 se
1269 1910 1314 1975 ad
1327 1910 1436 1974 fidem

487 2011 692 2075 catholicam
709 2029 975 2092 conversurum3
1002 2020 1037 2076 et
1059 2014 1096 2075 in
1117 2013 1194 2075 loco
1215 2011 1276 2075 illo
1295 2009 1438 2074 confes-

486 2110 550 2174 tim
577 2111 767 2175 oratorium
800 2118 1016 2187 construens,
1045 2111 1258 2194 speluncam,
1286 2128 1377 2191 quae·
1397 2110 1437 2172 in

487 2210 684 2274 coemeterio
698 2217 753 2273 est
769 2217 850 2275 ante
864 2211 1011 2274 frontem
1028 2211 1195 2283 ecclesiae,
1208 2208 1438 2272 circumdedit

487 2316 522 2373 et
542 2309 686 2392 januam
706 2328 784 2373 cum
807 2310 892 2373 seris
916 2311 1090 2392 apposuit,
1107 2324 1150 2372 ne
1168 2310 1246 2390 quis
1261 2326 1337 2372 eam
1355 2307 1437 2371 sine

486 2407 562 2490 ejus
579 2407 720 2470 licentia
742 2408 912 2472 introiret.
951 2409 1147 2473 canonicos
1161 2407 1339 2489 regulares
1354 2406 1438 2470 loco

488 2504 548 2568 illo
565 2505 768 2581 introduxit,
785 2513 820 2569 et
836 2508 943 2589 priori
957 2507 1112 2571 ecclesiae
1134 2507 1266 2570 clavem
1280 2503 1438 2569 custodi·

488 2602 612 2666 endam
628 2603 799 2668 commisit
812 2613 983 2684 statuens,
994 2613 1046 2684 nt,
1058 2605 1254 2689 quicunque
1266 2611 1436 2687 purgato-

486 2701 574 2764 rium
597 2701 732 2784 ingredi
748 2704 909 2782 voluerit,
928 2707 972 2769 ab
990 2706 1152 2787 episcopo
1168 2704 1235 2768 loci
1255 2704 1435 2768 licentiam

486 2800 625 2878 habeat,
649 2809 785 2865 etcum
811 2803 921 2868 literis
950 2803 1103 2887 episcopi
1129 2803 1272 2868 accedat
1295 2803 1338 2866 ad
1363 2805 1439 2885 pri-

488 2919 593 2975 orem,
624 2907 659 2964 et
691 2902 736 2964 ab
762 2921 804 2966 eo
830 2903 1020 2968 instructus
1044 2903 1281 2985 purgatorium
1311 2903 1437 2967 intret.

489 2998 595 3061 Multi
611 3007 724 3063 autem
744 3001 780 3063 in
794 3001 914 3065 diebus
927 3003 1022 3066 beati
1037 3001 1180 3065 Patricii
1194 3000 1437 3084 purgatorium

487 3097 716 3176 intraverunt,
734 3099 794 3181 qui
812 3101 943 3164 reversi
959 3100 1079 3166 testati
1101 3107 1184 3164 sunt
1204 3119 1242 3164 se
1259 3107 1438 3166 tormenta

487 3197 610 3277 gravia
624 3198 818 3279 pertulisse,
834 3205 869 3263 et
883 3200 1012 3282 gaudia
1024 3217 1152 3282 magna
1167 3195 1294 3264 ibidem
1311 3205 1347 3263 et
1359 3199 1438 3263 ine-

487 3296 674 3360 narrabilia
688 3299 922 3380 conspexisse.

511 3469 600 3550 Quod
612 3470 699 3535 miles
712 3471 836 3536 Homer
858 3471 894 3534 de
909 3471 1036 3536 licentio
1048 3472 1181 3557 episcopi
1195 3471 1255 3536 loci
1261 3478 1416 3556 purgato-

781 3652 787 3663 ι
837 3571 923 3634 rium
938 3571 1083 3635 introbit.

539 3693 643 3758 Miles
668 3696 787 3776 itaque
805 3694 1038 3777 supradictae,
1062 3714 1139 3759 cum
1158 3692 1359 3776 angustiosa
1380 3694 1444 3757 ni.

487 3791 553 3855 mis
578 3793 622 3855 ab
646 3794 809 3876 episcopo
833 3801 1025 3859 memorato
1043 3794 1217 3858 licentiam
1240 3792 1439 3874 postrdaret

486 3892 726 3972 purgatorium
752 3893 967 3975 experiendi,
987 3913 1064 3956 cum
1090 3893 1186 3955 illum
1213 3891 1442 3972 cognovisset
1555 3931 1556 3934 =

487 3991 669 4072 episcopus
686 3991 924 4072 inflexibilem,
942 3991 1085 4056 tradidit
1100 3992 1133 4054 ei
1154 3991 1274 4055 literas
1290 4008 1373 4054 snas
1391 3991 1440 4054 ad

488 4090 637 4170 priorem
661 4090 741 4169 loci,
760 4093 927 4156 mandans
948 4100 987 4156 ut
1008 4108 1087 4155 cum
1113 4090 1174 4154 illo
1194 4096 1315 4172 ageret
1343 4089 1441 4154 sicut
1554 4169 1555 4173 Ἰ

487 4186 562 4252 fieri
577 4189 670 4254 solet
687 4209 766 4253 cum
787 4191 870 4269 illis,
891 4193 950 4274 qui
970 4189 1211 4274 purgatorium
1228 4185 1363 4270 ingredi
1378 4188 1441 4252 de-

486 4295 658 4368 poscunt;
683 4289 779 4370 prior
795 4298 922 4368 autem,
935 4291 1018 4356 visis
1035 4290 1157 4367 literis,
1170 4289 1313 4353 militem
1328 4287 1364 4350 in
1380 4306 1441 4352 ec·
