3138 5184
453 547 519 611 220
709 560 844 607 uocum
867 560 914 606 un
937 558 1144 608 wanuovmr

293 738 414 778 anans.
454 719 562 782 filium
589 737 690 781 suum
716 717 867 793 tertium,
890 721 992 797 quem
1017 718 1156 782 vocavit
1173 718 1401 784 willelmum.

454 811 635 881 Proceres¹
646 835 728 880 vero
743 814 967 878 Normanniee
982 833 1087 896 super
1101 815 1166 880 hoc
1180 819 1403 900 indignantes

452 916 620 980 miserunt
644 921 786 996 propter
810 912 1063 989 Theobaldum,
1078 916 1238 979 comitem
1258 917 1403 980 Blesen-

452 1033 538 1091 sem,
552 1014 693 1077 fratrem
716 1012 811 1094 regis
826 1011 992 1093 Stephani
1011 1012 1194 1091 seniorem,
1211 1022 1250 1079 ut
1265 1017 1401 1080 veniret

449 1113 497 1176 ad
531 1131 591 1176 eos
625 1111 877 1175 Normanniam
909 1117 1134 1191 recepturus;
1170 1114 1229 1194 qui
1258 1116 1402 1178 veniens

453 1211 645 1287 Luxonias,
670 1210 707 1272 in
734 1209 870 1292 jejunio
893 1207 1015 1271 decimi
1038 1211 1177 1284 mensis,
1193 1212 1326 1276 audivit
1351 1214 1400 1276 ibi

451 1309 664 1392 Stephanum
680 1307 818 1370 fratrem
846 1325 947 1369 suum
964 1306 1039 1389 jam
1061 1307 1098 1370 in
1123 1327 1237 1390 regem
1258 1309 1401 1392 Angliae

450 1414 678 1484 coronatum;
719 1406 809 1468 unde
844 1422 958 1468 comes
989 1403 1188 1470 Glovemiae
1225 1408 1402 1472 Robertus

451 1506 599 1569 reddidit
635 1503 837 1567 Theobaldo
874 1503 1059 1579 Falesiam,
1091 1513 1272 1587 asportata
1302 1507 1402 1589 prius

450 1603 597 1686 pecunia
616 1622 686 1670 non
707 1602 842 1665 modica
865 1601 907 1664 de
935 1601 1098 1665 thesauro
1121 1604 1213 1684 regis
1240 1604 1400 1670 Henrici.

452 1703 582 1766 Eodem
618 1719 710 1764 anno
746 1699 954 1776 WillelmuS,
992 1698 1254 1765 cantuariensis
1285 1704 1402 1767 archi-

451 1801 645 1882 episcopuS,
678 1798 875 1862 Willelmus
904 1798 1114 1862 Exoniensis
1149 1808 1185 1864 et
1216 1800 1239 1864 J
1242 1800 1399 1867 ohannes

451 1898 626 1964 Roffensis
641 1897 806 1980 episcopi,
821 1897 994 1962 obierunt.

451 2089 542 2164 Quod
558 2110 611 2152 ren
625 2088 824 2152 Froacoman
846 2087 926 2171 saliit
947 2085 1122 2171 lomoqium
1137 2089 1314 2165 Eustachii,
1327 2090 1402 2172 fili·

661 2187 741 2272 repis
756 2185 916 2270 Stephani,
932 2185 969 2248 da
985 2187 1197 2250 Nornmnnio.

498 2310 602 2376 Anno
625 2311 766 2374 Domini
787 2325 991 2372 ucxxxvu.
1016 2329 1078 2372 rex
1101 2309 1296 2391 Anglorum
1318 2310 1401 2375 Ste-

448 2410 583 2493 phanus
596 2408 836 2473 transfretavit
857 2408 894 2470 in
913 2407 1176 2482 Normanniam,
1198 2409 1353 2490 fugiente
1376 2430 1400 2474 a

448 2508 536 2571 facie
554 2508 629 2592 ejus
645 2508 770 2570 comite
786 2504 1051 2587 Andagavcnsi3
1075 2507 1146 2583 ubi,
1159 2508 1293 2570 martiis
1308 2508 1398 2572 acti-

444 2608 512 2669 -bus
533 2605 730 2686 indulgens,
756 2605 872 2668 omnia
895 2623 972 2686 quae
997 2605 1128 2686 incepit
1152 2604 1298 2669 feliciter
1314 2626 1399 2669 con-

448 2704 645 2779 summavit,
667 2702 818 2766 hostium
835 2721 962 2765 cuneos
981 2703 1123 2784 depulit,
1141 2696 1298 2767 ²hostilia
1317 2723 1398 2768 cas·

448 2803 532 2866 tella
552 2801 699 2878 subruit,
722 2808 757 2864 et
779 2801 918 2880 egregie
941 2801 1154 2882 resplenduit
1184 2802 1274 2866 inter
1300 2822 1397 2866 sum-

447 2920 542 2978 mos3
573 2900 791 2987 concordiam
813 2918 891 2961 cum
913 2917 994 2980 rege
1013 2899 1228 2964 Francorum
1251 2921 1396 2983 compo-

447 3000 526 3074 suit,
549 3007 584 3064 et
611 2997 703 3061 filius
731 2998 806 3081 ejus
836 2997 1044 3060 Eustachius
1069 2997 1267 3078 homagium
1297 3000 1328 3062 ei
1351 3001 1396 3064 de

448 3096 667 3161 Normannia
689 3097 781 3160 fecit.
828 3095 909 3159 Hoc
939 3097 1059 3160 videns
1085 3097 1206 3159 consul
1228 3095 1396 3180 Andaga-

447 3197 561 3260 vensis
584 3195 787 3271 Gaufridus,
814 3192 914 3276 cujus
939 3195 1041 3257 uxori
1070 3194 1160 3257 idem
1187 3215 1250 3258 rex
1277 3216 1398 3260 sacra-

415 3308 417 3312 ·
446 3303 599 3358 mentum
616 3294 754 3369 fecerat,
773 3291 938 3372 Angliam
960 3293 1003 3356 ab
1028 3311 1069 3355 eo
1089 3294 1307 3374 requirebat3
1331 3297 1395 3358 sed

445 3402 575 3471 tamen,
597 3412 674 3457 cum
696 3392 842 3455 vidisset
860 3408 898 3453 se
915 3392 1006 3454 vires
1032 3391 1145 3472 regias
1167 3391 1212 3454 ad
1238 3404 1395 3474 praesens

446 3512 515 3557 non
543 3511 645 3574 posse
667 3509 841 3572 superare,
865 3489 958 3570 cepit
978 3489 1146 3566 inducias,
1170 3491 1321 3572 acceptis
1347 3493 1394 3555 ab

445 3592 522 3672 ipso
539 3608 620 3672 rege
644 3608 707 3671 pro
723 3590 814 3651 bono
834 3587 930 3668 pacis
952 3588 1103 3669 quinque
1123 3587 1273 3652 millibus
1300 3609 1394 3652 mar-

444 3689 496 3752 cis
517 3689 663 3770 singulis
692 3687 811 3765 annis3
837 3684 1039 3749 Theobaldo
1066 3686 1169 3748 etiam
1192 3686 1291 3750 fratri
1313 3706 1393 3766 suo,

445 3788 562 3850 comiti
580 3787 750 3863 Blesensi,
772 3785 995 3866 conquerenti
1013 3783 1105 3866 quod
1120 3783 1250 3867 injuste
1265 3784 1394 3868 Angli-

444 3905 500 3948 am
524 3886 712 3959 invaserat,
736 3871 814 3947 cum
830 3889 922 3946 esset
938 3889 1042 3946 aetate
1056 3883 1177 3955 minor,
1196 3882 1265 3946 duo
1282 3884 1395 3948 millio

443 4003 577 4047 marcas
609 3982 742 4064 pepigit
771 3981 962 4056 annuatim,
986 3988 1020 4044 et
1048 3981 1097 4043 sic
1122 3980 1247 4043 fratres
1272 3983 1394 4062 pacifi-

393 4213 398 4228 .
475 4175 627 4237 ¹Procerec.]
644 4173 901 4234 cruentatione,
960 4169 1091 4220 ²Hostilio
1101 4173 1199 4220 castello
1210 4171 1329 4235 submit]
1347 4175 1391 4225 He

441 4249 502 4297 llec.
511 4246 557 4294 des
569 4246 638 4292 Hist.
650 4244 705 4292 xiii.
718 4258 744 4304 p.
756 4246 813 4292 288.
925 4241 985 4289 took
1009 4241 1138 4290 Lillebone
1163 4240 1213 4288 and
1239 4240 1391 4306 ernaville,

926 4310 988 4359 Rec.
1000 4310 1045 4358 des
1055 4310 1125 4360 Hist.
1136 4311 1191 4359 xiii.
1204 4324 1230 4370 p.
1238 4313 1294 4358 288.
