3104 5186
478 527 543 594 100
736 543 869 593 nocam
894 543 940 590 ns
959 537 1166 592 wannovna

317 717 440 762 annm.
480 704 740 785 quatuordecim
763 701 966 766 milliaribus
991 699 1111 776 distat,
1138 699 1183 764 ad
1205 697 1330 781 viginti
1350 709 1429 766 octo

315 771 468 863 diffiido.
480 803 590 867 millia
608 803 823 866 bellatorum.
877 800 929 866 Hi
950 819 1069 864 omnes
1091 799 1286 864 habuerunt
1303 820 1431 884 propo-

479 902 586 965 situm
614 921 660 965 ex
685 901 873 984 improviso
899 901 936 964 in
959 899 1159 982 peregrinos
1183 899 1325 978 irruere,
1348 899 1430 964 dum

480 1000 574 1065 circa
594 1001 689 1065 urbis
716 1001 884 1065 insultum
907 1005 1024 1062 essent
1048 998 1224 1081 occupati;
1248 999 1308 1062 sed
1335 1000 1430 1083 prin·

481 1099 575 1182 cipes
604 1101 725 1177 nostri,
754 1117 842 1182 quos
865 1116 984 1161 eorum
1011 1097 1146 1161 insidiae
1170 1117 1239 1161 non
1261 1098 1430 1178 latebant,

479 1199 613 1281 pedites
645 1218 763 1263 omnes
796 1199 840 1262 de
868 1197 1023 1261 exercitu
1051 1196 1087 1259 in
1118 1196 1297 1261 obsidione
1323 1198 1429 1262 relin-

479 1304 637 1382 quentes,
650 1298 711 1380 qui
720 1296 853 1379 equites
869 1301 969 1360 erant
983 1296 1019 1358 in
1036 1293 1147 1378 primo
1163 1297 1276 1360 noctis
1287 1316 1428 1380 crepus-

478 1398 570 1475 culo,
593 1397 697 1461 armis
719 1396 891 1473 instructi,
914 1395 988 1458 sine
1011 1393 1161 1459 tumultu
1184 1401 1220 1458 et
1240 1397 1341 1476 quasi
1363 1398 1429 1460 sub

478 1495 616 1560 silentio
630 1516 649 1559 e
666 1496 789 1559 castris
806 1494 948 1576 egressi,
965 1493 1056 1557 inter
1071 1493 1185 1557 laeum
1201 1495 1374 1577 quendam
1393 1506 1428 1560 et

479 1589 645 1660 orontem
659 1594 814 1672 fluvium,
826 1594 886 1676 qui
896 1593 1107 1677 quasiunius
1116 1590 1273 1656 milliaris
1279 1595 1427 1676 [spatio]

478 1713 500 1757 a
517 1713 555 1758 se
577 1694 721 1774 distant,
742 1701 844 1759 nocte
863 1692 925 1756 illa
939 1692 1166 1775 quieverunt3
1193 1711 1295 1756 mane
1311 1699 1428 1757 autem

477 1792 582 1872 facto,
603 1812 682 1857 cum
704 1793 926 1858 festinatione
948 1790 993 1873 ad
1019 1809 1116 1854 arma
1140 1791 1366 1856 convolantes
1392 1793 1428 1856 in

477 1913 541 1956 sex
562 1893 701 1956 aciebus
723 1912 824 1956 suum
847 1891 1035 1973 disponunt
1057 1889 1260 1968 exercitum,
1280 1891 1428 1972 singulis

475 2011 593 2056 aarum
611 1992 714 2056 certis
728 1991 873 2056 ducibus
887 1989 1087 2070 assignatis
1138 1989 1244 2052 Turci
1257 2009 1340 2054 vero
1356 2010 1428 2055 non

475 2091 579 2174 longe
602 2091 795 2168 constituti,
822 2091 971 2154 scientes
998 2087 1090 2171 quod
1114 2089 1225 2153 nostri
1251 2089 1288 2153 in
1311 2089 1426 2154 vicino

475 2199 603 2269 essent,
625 2191 669 2254 de
692 2191 766 2255 suis
792 2189 900 2272 copiis
931 2188 1018 2252 duas
1048 2188 1140 2251 acies
1172 2188 1426 2271 praemiserunt,

475 2291 609 2373 reliqua
631 2292 736 2354 turba
755 2289 911 2353 cominus
933 2288 1186 2369 subsequente;
1216 2286 1345 2352 lactum
1372 2297 1427 2353 est

475 2398 591 2455 autem
615 2396 655 2453 ut
676 2388 799 2465 nostri,
821 2387 882 2471 qui
896 2387 957 2451 vix
979 2385 1323 2469 septingenti'erant,
1345 2407 1424 2451 sus-

475 2494 577 2572 cepto
599 2487 642 2550 de
664 2487 822 2570 supernis
844 2486 1068 2562 incremento,
1090 2485 1226 2550 infinita
1246 2486 1355 2549 millia
1374 2487 1427 2552 vi-

475 2587 649 2652 derentur.
679 2581 681 2586 ’
701 2585 973 2650 Procedentibus
989 2584 1108 2668 itaque
1124 2585 1291 2668 paulatim
1309 2586 1353 2649 ad
1371 2586 1425 2649 in-

476 2686 585 2752 vicem
616 2683 827 2767 legionibus,
845 2691 1025 2766 coeperunt
1046 2682 1166 2766 primae
1191 2683 1282 2747 acies
1304 2703 1425 2749 eorum

474 2780 511 2850 in
525 2792 663 2850 nostros
680 2804 758 2848 cnm
769 2803 896 2866 magno
911 2784 1042 2866 impetu
1056 2783 1198 2860 irruere,
1211 2789 1258 2861 et,
1269 2783 1426 2850 immissa

475 2885 682 2968 sagittarum
712 2882 892 2965 grandine,
921 2881 963 2946 ad
990 2901 1072 2946 suos
1096 2881 1275 2946 confidunt
1297 2881 1426 2948 habere

474 3003 651 3048 recursum
665 3003 675 3063 ;
706 2983 816 3047 nostri
833 2987 949 3045 autem
970 2981 1126 3045 cominus
1140 2981 1356 3060 accedentes,
1373 2984 1427 3048 vi-

473 3083 583 3148 bratis
610 3101 706 3146 more
737 3081 841 3146 solito
867 3079 996 3144 lanceis
1019 3087 1055 3144 et
1077 3079 1202 3162 gladiis
1223 3079 1424 3145 incumben-

473 3190 540 3261 teS,
567 3202 627 3247 eos
654 3200 772 3246 omnes
794 3180 831 3243 in
860 3198 966 3243 unam
992 3180 1129 3243 turbam
1162 3179 1306 3244 solidari
1330 3200 1424 3245 com-

472 3282 626 3364 pellunt3
657 3279 961 3363 comprimentibus
983 3296 1120 3361 quoque
1137 3277 1216 3342 illos
1235 3277 1315 3342 hinc
1331 3279 1424 3362 lacu,

472 3381 568 3445 illinc
579 3380 699 3457 fluvio,
715 3377 887 3461 evagandi
906 3377 1081 3441 licentiam
1101 3375 1314 3455 auferebant,
1331 3380 1424 3443 unde

472 3479 591 3558 anci,
611 3477 886 3544 Christianorum
908 3476 998 3539 ferre
1019 3495 1089 3540 non
1110 3475 1268 3541 valentes
1289 3477 1425 3542 instan-

471 3579 569 3656 tiam,
603 3578 639 3641 in
670 3577 746 3642 sola
778 3577 863 3658 fuga
898 3575 1114 3641 constituunt
1146 3594 1243 3658 spem
1273 3575 1422 3658 salutis;

472 3677 634 3741 dantibus
664 3695 747 3758 ergo
774 3675 883 3761 tergis
904 3673 1111 3764 infidelibus,
1133 3675 1244 3738 nostri
1265 3694 1325 3738 eos
1347 3694 1423 3740 cer·

470 3777 571 3840 tatim
592 3776 823 3859 insequuntur
847 3793 957 3856 usque
985 3773 1030 3838 ad
1059 3779 1211 3837 castrum
1241 3775 1421 3856 supradic-
1461 3802 1466 3811 ·

470 3883 556 3952 tum,
579 3875 671 3957 quod
694 3893 716 3937 a
742 3872 819 3939 loco
844 3872 1041 3938 certaminis
1069 3871 1273 3936 milliaribus
1302 3872 1421 3938 decem

469 3974 633 4038 distabat.
679 3973 849 4038 Videntes
874 3979 990 4036 autem
1017 3970 1182 4054 oppidani
1204 3990 1346 4035 suorum
1368 3973 1424 4036 fn·

468 4092 561 4153 gam,
577 4080 613 4137 et
628 4072 753 4156 gladiis
770 4091 830 4162 eos
843 4071 914 4135 fere
929 4090 1048 4135 omnes
1063 4068 1240 4147 cecidisse,
1254 4090 1422 4137 succenso

469 4171 592 4253 Hareg
606 4180 733 4250 castro,
756 4178 791 4235 et
813 4171 881 4254 ipsi
903 4171 1021 4252 lugam
1045 4176 1253 4252 capessunt3
1278 4175 1421 4235 atvero

469 4268 623 4336 Armenii
638 4279 673 4336 et
689 4271 749 4335 alii
764 4270 882 4336 fideles
903 4269 1067 4350 regionis,
1087 4268 1292 4352 praedictum
1315 4289 1420 4333 occu-
