3178 5194
299 741 346 781 Life
354 741 378 780 ot

459 506 525 570 352
715 520 848 566 nocam
874 520 920 566 on
944 517 1157 567 wannovnn·

298 690 423 732 nomo.
461 681 647 757 gustantur
675 681 710 737 et
739 675 938 737 cruciantur
960 681 996 736 et
1020 674 1063 736 ad
1087 673 1251 737 inferiora
1272 674 1417 738 misera-

299 791 416 832 soonrc.
460 773 575 838 biliter
592 773 840 855 deprimuntur.
898 771 1015 835 Hodie
1044 793 1128 836 vero
1150 773 1317 856 conspexi
1341 773 1417 836 ani-

459 891 551 936 mam
568 873 748 956 eujusdam
758 871 847 956 justi
865 872 1007 935 liberam
1021 872 1239 937 transvolare
1252 892 1314 954 per
1325 891 1415 948 eam,

460 980 495 1037 et
518 972 596 1035 ideo
612 991 690 1036 cum
714 971 847 1053 angelis
870 990 945 1034 eam
966 970 1200 1035 deferentibus
1226 971 1319 1053 coepi
1343 990 1417 1053 pree

459 1071 588 1153 gaudio
605 1078 759 1148 cantare,
774 1069 866 1153 quod
881 1077 916 1134 et
933 1077 969 1133 tu
987 1069 1161 1134 admirans
1178 1069 1328 1134 audisti.’

525 1243 684 1318 ,Qualiter
697 1253 823 1308 sauctus
838 1244 958 1324 Petrus
968 1240 1050 1306 doato
1067 1243 1199 1306 doute
1216 1243 1341 1306 missam

855 1340 1026 1408 celebravit.

513 1466 708 1531 Monachus
739 1467 830 1530 idem
861 1468 986 1530 iterum
1018 1465 1100 1529 illuc
1133 1483 1291 1529 reversus
1324 1484 1421 1546 quae-

462 1566 543 1630 sivit
563 1567 607 1628 ab
628 1566 764 1629 homine
786 1564 865 1642 Dei,
886 1566 917 1628 si
939 1584 1043 1628 unam
1066 1564 1207 1627 missam
1223 1564 1328 1628 vellet
1352 1583 1418 1627 au-

462 1663 547 1740 dire,
568 1664 628 1747 qui
650 1663 840 1746 respondit,
864 1664 1008 1727 ‘Hodie
1031 1664 1074 1730 de
1099 1671 1222 1727 sancta
1244 1663 1417 1726 Trinitate

463 1763 604 1828 missam
617 1764 748 1840 audivi,
765 1771 800 1827 et
817 1764 1089 1827 communionem
1105 1763 1148 1826 de
1162 1761 1266 1826 manu
1281 1763 1346 1826 viri
1361 1782 1419 1825 eu-

460 1861 601 1945 jusdam
631 1862 807 1926 candidati
839 1864 989 1944 suscepi,
1012 1863 1070 1945 qui
1098 1862 1141 1924 de
1163 1862 1249 1926 eaelo
1276 1861 1420 1925 descen-

464 1963 549 2025 dens
579 1964 706 2025 iterum
728 1962 764 2024 in
795 1963 918 2026 eaelum
951 1962 1120 2038 ascendit,
1148 1968 1183 2026 et
1210 1969 1249 2025 ut
1275 1968 1422 2042 peccata

464 2061 646 2126 confiterer
674 2061 864 2138 admonuit,
887 2069 922 2124 et
944 2061 986 2124 de
1009 2061 1094 2124 meis
1123 2061 1321 2123 excessibus
1344 2059 1420 2122 dixi

468 2160 500 2224 ei
527 2159 691 2244 quicquid
717 2160 801 2223 mihi
824 2161 994 2239 occurrit;
1019 2161 1070 2223 sic
1093 2167 1209 2224 autem
1238 2159 1420 2223 absolutus

467 2261 510 2324 ab
533 2261 594 2324 illo
617 2249 862 2324 eucharistiam
884 2261 926 2323 de
950 2279 1054 2322 manu
1086 2259 1196 2342 ipsius
1222 2265 1421 2322 reverenter

467 2360 627 2442 percepi3
656 2358 767 2424 officio
794 2378 932 2441 quoque
963 2365 1116 2440 peracto,
1145 2359 1289 2422 elevatis
1312 2358 1422 2420 mani-

468 2460 532 2521 bus
551 2466 604 2522 est
619 2459 775 2523 elevatus
790 2459 827 2520 in
844 2459 976 2544 caelum,
1000 2457 1197 2534 Laudasne,
1211 2457 1272 2533 fili,
1286 2464 1326 2520 ut
1339 2466 1421 2539 post

468 2557 544 2620 haec
562 2544 583 2620 a
600 2556 751 2621 ternodo
768 2557 982 2639 disciplinam
1000 2556 1055 2620 vel
1072 2557 1345 2621 communionem
1363 2575 1423 2620 ac-

469 2656 593 2738 cipiam
606 2655 637 2719 l'
676 2657 722 2720 Et
740 2653 800 2718 ille
817 2656 1007 2738 respondit,
1023 2655 1114 2738 quod
1134 2655 1200 2719 hoc
1221 2655 1334 2719 facere
1351 2675 1423 2718 non

470 2755 625 2832 auderet,
648 2755 707 2819 sed
730 2756 892 2837 quaesivit
912 2757 1028 2832 abeo,
1048 2756 1126 2837 quis
1143 2761 1341 2819 sanctorum
1363 2755 1425 2818 ille

469 2853 612 2933 fuisset3
643 2861 678 2917 et
703 2853 757 2919 vir
788 2852 856 2917 Dei
882 2855 984 2932 dixit,
1018 2855 1108 2918 hunc
1141 2854 1248 2918 luisse
1276 2853 1421 2918 Petrum

471 2953 678 3035 apostolum,
701 2953 761 3036 qui
786 2953 911 3016 missus
934 2955 1048 3018 luerat
1076 2974 1098 3017 a
1121 2954 1283 3029 Domino,
1303 2962 1343 3017 ut
1364 2954 1419 3035 ip·

470 3072 547 3116 sum
570 3052 766 3117 absolveret
783 3071 806 3116 a
820 3055 994 3135 peccatis3
1018 3059 1028 3110 ,⁴
1045 3053 1101 3116 Tu
1116 3053 1280 3128 missam,'
1295 3053 1423 3134 inquit,

471 3152 530 3216 ‘in
548 3151 712 3216 honorem
727 3152 838 3216 beatae
857 3152 1001 3234 virginis
1018 3153 1203 3229 celebrato,
1221 3159 1260 3215 ut
1277 3151 1351 3234 ejus
1368 3152 1425 3215 in-

471 3259 632 3316 terventu
657 3251 785 3315 Filium
807 3253 917 3334 ipsius
939 3252 1065 3315 habere
1085 3251 1272 3334 propitium
1292 3270 1426 3314 merea·

471 3352 571 3429 mur‚'
588 3359 623 3415 et
645 3352 833 3417 monachus
858 3351 1045 3415 Dominum
1068 3351 1215 3415 laudans
1234 3351 1336 3415 laetus
1359 3369 1425 3432 pa-

472 3452 542 3514 ruit
556 3451 752 3533 imperanti.

525 3619 670 3695 Qualiter
684 3630 806 3685 eundae
824 3619 976 3686 (ledricus
984 3644 1045 3707 per
1061 3623 1211 3686 orationes
1226 3631 1254 3687 et
1269 3622 1369 3686 eruas

614 3757 616 3762 ·
641 3721 762 3806 siquam
771 3721 845 3804 fait
859 3741 880 3783 a
897 3720 1081 3785 demonibus
1096 3721 1254 3786 l'berotus.

540 3841 690 3912 Sanctus
719 3845 886 3908 heremita
914 3852 949 3909 et
978 3846 1109 3909 amicus
1144 3846 1211 3909 Dei
1242 3844 1429 3921 GodricuS,

475 3959 553 4005 cum
569 3961 678 4010 annos
696 3944 928 4025 quadraginta
943 3944 978 4007 in
996 3945 1135 4009 heremo
1151 3944 1243 4027 apud
1263 3943 1431 4008 Finchale

474 4048 613 4105 strenue
635 4042 837 4124 peregisset,
859 4045 979 4107 morbo
1002 4044 1179 4108 confectus
1205 4051 1240 4107 et
1262 4045 1358 4107 senio
1382 4044 1428 4106 ad

475 4142 658 4204 transitum
688 4143 955 4224 propinquabat,
978 4163 1058 4206 nam
1084 4163 1146 4225 per
1170 4150 1250 4206 octo
1271 4142 1342 4206 sere
1364 4161 1429 4205 an·

473 4259 536 4304 nos
559 4241 596 4306 in
621 4240 711 4305 lecto
732 4241 920 4323 languidus
943 4243 1166 4319 decubuerat,
1188 4261 1250 4305 nec
1274 4255 1428 4324 unquam
