3178 5194
457 532 524 601 388
717 549 851 596 ancum
875 547 922 595 nn
940 547 1147 596 wuunovnn

296 720 428 763 narna-
450 706 523 769 bus
545 724 623 769 cum
646 724 687 769 eo
706 703 924 782 introductis,
942 704 1037 787 prior
1055 710 1109 767 est
1129 704 1177 767 ab‘
1194 700 1315 766 eodem
1335 703 1408 784 epi·

458 824 563 886 scopo
580 806 793 887 assignatus
807 806 892 868 etin
908 823 972 869 sua
989 803 1070 867 sede
1083 802 1284 866 solemniter
1300 801 1407 865 eollo·

453 911 570 974 catus.
608 903 688 983 Quo
705 905 809 968 etiam
826 912 981 985 tempore
995 922 1059 965 rex
1075 899 1283 984 Auglorum‚
1301 921 1409 982 regno

459 1024 521 1087 pro
545 1023 610 1067 sua
629 1003 810 1088 voluntate
832 1003 1013 1084 disposito,
1039 1001 1172 1065 decimo
1195 1001 1317 1083 quinto
1343 999 1407 1080 ka-¹

452 1102 578 1167 lendas
598 1103 809 1186 Septembris
831 1103 868 1165 iu
883 1101 1136 1165 Normanniam
1155 1099 1408 1178 transfretavit,

459 1210 506 1279 et,
531 1203 710 1269 confestim
735 1203 826 1266 iuter
853 1220 969 1282 regem
996 1201 1207 1268 Francorum
1232 1207 1267 1264 et
1292 1200 1406 1281 ipsum

442 1301 576 1367 ‘habito
594 1301 779 1385 colloquio,
803 1300 869 1364 hoe
892 1297 994 1363 modo
1018 1299 1238 1364 concordiam
1265 1299 1404 1378 ineunt3

451 1395 570 1484 ragal
591 1401 809 1477 Lodowicus,
833 1420 896 1463 rex
916 1400 1141 1477 Francorum,
1159 1405 1195 1462 et
1216 1418 1281 1480 ego
1306 1399 1406 1463 Hen-

457 1500 562 1577 ricus,
579 1520 641 1564 rex
661 1499 865 1582 Anglorum,
886 1500 1045 1564 volumus
1070 1499 1114 1562 ad
1138 1499 1290 1576 omnium
1316 1501 1406 1563 noti-

456 1599 543 1664 tiam
560 1601 753 1682 pervenire,
777 1618 853 1676 nos,
877 1599 954 1662 Deo
976 1599 1178 1680 inspirante,
1204 1598 1402 1679 promisisse

457 1706 493 1772 et
513 1699 713 1782 juramento
729 1699 959 1775 confirmasse,
982 1698 1075 1780 quod
1099 1697 1199 1762 simul
1216 1698 1340 1761 ibimus
1363 1699 1401 1761 in

457 1799 635 1869 servitium
652 1796 831 1875 Crucifixi,
847 1804 883 1861 et
897 1797 981 1862 ituri
999 1796 1277 1878 Hierosolymam
1292 1797 1402 1860 susei-

453 1898 589 1980 piemus
611 1897 828 1978 signaculum
845 1903 976 1960 sanctae
999 1897 1123 1974 crucis,
1146 1903 1181 1959 et
1202 1895 1325 1960 amodo
1342 1917 1404 1962 vo·

455 1996 570 2068 lumus
592 2015 669 2060 esse
694 1997 795 2060 amici
818 1995 1043 2073 adinvicem,
1066 1996 1118 2059 ita
1142 1996 1234 2079 quod
1258 2003 1403 2080 uterque

454 2103 612 2164 nostrum
636 2096 737 2160 alteri
759 2095 979 2160 conservabit
1006 2095 1112 2159 vitam
1135 2102 1171 2158 et
1192 2097 1346 2159 membra
1369 2106 1405 2160 et

455 2194 620 2260 honorem
646 2202 824 2259 ‘terrenum
854 2201 977 2259 contra
1004 2213 1123 2258 omnes
1147 2193 1323 2275 homines;
1357 2204 1403 2274 et,

454 2295 487 2366 si
519 2314 752 2378 quaecumque.
775 2313 924 2376 persona
955 2294 1057 2358 alteri
1087 2302 1244 2358 nostrum
1276 2295 1404 2359 malum

453 2393 569 2463 facere
593 2395 863 2478 praesumpserit,
888 2413 954 2475 ego
980 2392 1156 2458 Henricus
1175 2393 1310 2477 juvabo
1335 2395 1403 2460 Lo·

455 2492 638 2570 dowicum,
671 2513 787 2575 regem
822 2493 1046 2570 Francorum,
1078 2492 1253 2556 dominum
1278 2513 1403 2573 meum,

453 2599 578 2661 contra
593 2610 712 2661 omnes
726 2591 901 2671 homines;
925 2598 961 2655 et
974 2612 1039 2674 ego
1055 2591 1262 2657 Lodowieus
1271 2593 1404 2677 juvabo

455 2710 572 2771 regem
589 2690 781 2772 Anglorum
800 2690 1132 2757 Henrieumcontra
1154 2712 1271 2758 omnes
1294 2692 1403 2757 homi-

456 2809 529 2866 nes,
560 2791 650 2854 sicut
682 2789 816 2854 fidelem
840 2811 966 2868 meum,
995 2791 1186 2855 salvafide
1210 2811 1315 2873 quam
1344 2793 1400 2856 de·

455 2889 575 2955 bemus
600 2888 797 2976 hominibus
823 2892 951 2953 nostris
976 2890 1140 2972 quamdiu
1167 2892 1275 2974 nobis⁸
1291 2891 1400 2956 fideli·

454 2994 562 3052 tatem
588 2989 801 3054 servabunt'
850 2987 945 3052 Acta
968 2997 1083 3080 autem
1107 2991 1288 3077 suntlhaec
1309 2992 1402 3075 apud

454 3085 672 3153 Minantcurt
687 3089 835 3170 septimo
848 3087 1016 3155 kalendas
1032 3088 1203 3154 Octobris.
1299 3120 1301 3124 ·
1353 3115 1361 3125 ·

595 3220 1039 3354 Dcsccdctioaemoacsterii
1054 3261 1091 3327 da
1113 3263 1286 3328 chtwode.
1334 3293 1338 3300 ·

511 3381 616 3456 Anno
632 3385 773 3449 Domini
793 3401 1006 3450 Mcuxxvrn.
1025 3385 1222 3451 Richardus
1242 3388 1286 3452 de
1301 3389 1399 3467 Luci,

435 3481 591 3564 Angliae‘
606 3483 836 3568 justiciarius,
858 3485 961 3550 tertio
975 3485 1064 3551 ,idus
1081 3485 1104 3551 J
1109 3487 1180 3551 unii
1195 3487 1400 3553 fundamenss

452 3588 490 3646 ta
511 3583 598 3666 jecit
621 3583 665 3647 ad
694 3583 964 3648 construendam
987 3585 1167 3650 eeclesiam
1189 3595 1402 3653 conventua-

451 3682 518 3746 lem
541 3683 578 3746 iu
600 3683 763 3748 honorem
787 3684 879 3748 beati
902 3682 1047 3749 Thomae
1063 3687 1225 3769 martyris
1249 3687 1286 3751 in
1309 3687 1400 3765 loco',

450 3781 511 3863 qui
538 3788 684 3846 vocatur
714 3776 945 3860 ²Westwode,
969 3784 1006 3847 iu
1037 3785 1210 3849 territorio
1234 3785 1400 3851 Roffeusi.

484 3978 558 4049 ¹Fgo
576 3983 739 4048 Marcione]
767 3963 910 4047 Rymer,i.
944 3981 1149 4050 ¹Weetrooda]
1166 3987 1249 4036 called
1265 3990 1320 4039 also
1339 3959 1402 4046 Leess

447 4055 527 4112 pmtu
563 4053 707 4116 According
720 4061 746 4102 to
765 4054 911 4116 Brompton,
934 4057 1087 4118 nesabbey;
1104 4058 1402 4124 rtuppreeeedbychry¹

446 4120 498 4170 this
513 4127 657 4184 agreement
668 4139 722 4173 was
739 4117 842 4173 entered
858 4125 910 4173 into
934 4123 1026 4174 VIII.
1033 4126 1060 4173 in
1078 4129 1152 4186 1⁵24,
1168 4133 1194 4174 to
1210 4126 1310 4177 furnieh
1326 4144 1343 4178 a
1362 4131 1404 4180 re·'

446 4194 473 4238 at
481 4191 580 4254 Rouem
590 4207 622 4241 on
630 4193 672 4242 the
683 4197 741 4244 alet
751 4194 910 4257 September
934 4209 1016 4243 venue
1034 4194 1073 4243 sor
1091 4195 1205 4258 Woleey,
1227 4200 1253 4245 to
1276 4199 1382 4248 essist
1373 4214 1400 4249 rn

446 4259 495 4310 col.
508 4263 581 4314 1134.
691 4317 693 4323 ,
934 4263 1051 4324 buildiug
1067 4263 1108 4314 hie
1127 4266 1237 4326 eolleges
1256 4271 1283 4316 at
1302 4267 1401 4320 Oxlord

910 4379 912 4386 ,
933 4334 985 4382 end
995 4333 1118 4394 Ipswich.
1397 4375 1402 4384 ,
