3178 5194
462 545 602 593 ruouns
624 545 897 595 ursrorulnuu.
1087 521 1153 595 421

199 702 364 778 distabat,
392 701 483 765 unde
513 702 646 784 regina,
676 701 876 766 convocatis
912 702 1025 766 edicto
1054 703 1150 784 regio
1162 735 1217 776 un,
1230 737 1285 776 11⁸⁶,

200 801 284 865 viris
312 801 557 866 ecclesiasticis
588 809 623 865 et
653 802 879 879 sacularibus,
909 803 952 865 de
979 821 1060 883 rege
1087 802 1150 866 ba·

199 901 275 964 buit
307 900 468 982 eligendo
496 907 706 980 tractatum
748 908 784 966 et
813 902 976 984 quoniam
1009 900 1045 964 id
1082 901 1149 966 sibi

199 1001 295 1083 prius
327 1001 372 1063 ab
400 1001 557 1065 omnibus
587 1019 788 1065 concessum
820 1000 946 1077 fuerat,
977 1007 1017 1065 ut
1047 1020 1149 1083 quem

200 1099 306 1163 vellet
329 1100 492 1163 maritum
510 1100 664 1181 eligeret,
692 1102 975 1183 exspectantibus
1001 1101 1051 1164 rei
1073 1102 1149 1164 exi-

202 1206 274 1262 tum
302 1198 485 1277 univorsis
516 1201 639 1281 regina
666 1197 831 1277 Guidoni,
854 1201 915 1281 qui
945 1201 1035 1264 inter
1062 1199 1149 1264 alios

201 1298 376 1376 adstabat,
398 1318 483 1364 voce
502 1299 597 1362 clara
620 1299 722 1376 dixit,
746 1299 919 1362 ‘Domine
946 1298 994 1362 mi
1020 1296 1152 1374 Gnido,

201 1417 266 1478 ego
282 1406 316 1462 te
336 1398 374 1464 in
395 1399 558 1480 maritum
580 1399 683 1480 eligo,
706 1406 742 1462 et
757 1418 811 1462 me
831 1397 933 1462 simul
948 1417 1026 1460 cum
1041 1417 1151 1478 regno

202 1497 266 1562 tibi
287 1497 428 1562 tradens
445 1504 481 1561 te
496 1518 611 1580 regem
627 1497 781 1576 futurum
798 1496 935 1580 publice
951 1497 1149 1580 protestor.¹

203 1594 260 1659 Ad
281 1595 370 1661 hanc
390 1616 510 1661 vocem
533 1616 653 1660 omnes
679 1597 868 1680 stupefacti
888 1596 1152 1661 admirabantur

201 1695 314 1772 valde,
329 1696 428 1778 ‘quod
452 1700 506 1760 tot
524 1697 617 1760 viros
642 1697 829 1778 prudentes
853 1716 923 1760 una
950 1697 1072 1760 mulier
1097 1695 1153 1760 ita·

201 1795 350 1877 simplex
374 1795 512 1860 delusit.
573 1795 774 1858 Laudabilis
804 1796 907 1878 plane
941 1796 1083 1859 foemina
1112 1799 1153 1859 et'

202 1899 274 1960 tani
299 1894 473 1978 pudicitiae
493 1913 598 1977 quam
620 1893 811 1976 prudentiae
833 1893 1016 1976 praeconiis
1036 1894 1148 1957 extol-

200 1994 325 2073 lenda3
352 1994 403 2058 sic
416 1995 507 2058 euim
523 1994 699 2075 negotium
715 1993 934 2075 temperavit,
949 2000 988 2058 ut
1001 2011 1147 2073 regnum

202 2094 277 2158 viro
306 2101 342 2158 et
371 2093 439 2156 sibi
467 2094 579 2159 virum
607 2092 789 2156 obtineret.
855 2092 985 2155 Factus
1013 2099 1067 2155 est
1093 2089 1303 2164 bisnutnqma.

201 2192 321 2258 diebus
348 2212 410 2275 per
437 2194 552 2257 orbem
579 2192 778 2261 uuiversum
807 2197 1022 2255 terraemotus
1048 2208 1147 2272 mag·

202 2313 269 2356 nus
282 2300 317 2356 et
333 2292 518 2370 horribilis,
533 2292 585 2355 ita
597 2297 637 2355 ut
651 2291 756 2355 etiam
773 2283 827 2354 ¹in
836 2288 978 2370 Anglia,
992 2289 1052 2352 ubi
1067 2307 1152 2353 raro

202 2393 361 2474 contigit,
376 2392 487 2456 multa
501 2391 647 2456 aedificia
661 2392 956 2455 subverterentur.
989 2387 1149 2468 Contigit

202 2501 318 2556 autem
349 2491 403 2556 bis
427 2491 548 2555 diebus
577 2496 720 2554 matrem
744 2488 920 2553 Salaadini
944 2489 988 2552 ab
1014 2487 1153 2570 AEgypa

203 2599 239 2656 to
270 2593 307 2656 in
337 2599 454 2676 partes
479 2590 626 2655 transire
652 2590 890 2654 Damascenas
915 2589 952 2652 in
977 2594 1152 2670 apparatu

202 2711 330 2774 magno
360 2700 396 2758 et
421 2692 553 2756 divitiis
586 2690 748 2773 copiosis,
783 2709 862 2773 quae
894 2688 936 2752 de
961 2687 1028 2751 fide
1055 2694 1151 2760 treu-¹

203 2811 325 2871 garum
345 2811 559 2876 praesumens
575 2812 638 2874 per
657 2791 742 2855 fines
764 2789 925 2873 regionis,
955 2808 1035 2871 quae
1052 2794 1153 2850 trans

204 2889 227 2950 J
230 2891 394 2954 ordanem
410 2898 503 2969 sunt,
527 2899 649 2955 secure
668 2891 846 2974 perrexit3
873 2891 910 2953 in
929 2888 1028 2971 cnjus
1046 2885 1153 2950 comi-

182 2994 186 3000 '
205 2991 316 3048 tatum
339 2987 555 3066 Reginaldus
575 2989 618 3050 de
643 2987 853 3053 Castellione
873 2996 999 3053 temere
1027 2988 1155 3050 irruma

206 3101 292 3165 pens
334 3083 474 3146 divitias
510 3085 653 3166 diripuit
695 3088 887 3161 universae,
924 3093 1152 3149 veruntamen

204 3188 318 3249 mater
331 3181 507 3245 Salaadiui
522 3182 608 3262 fuga
618 3183 808 3264 periculum
823 3183 1020 3247 declinavit.
1048 3183 1155 3245 Com-

207 3289 321 3346 motus
348 3282 426 3345 inde
452 3280 658 3344 Salaadinus
681 3282 935 3345 restitutionem
958 3280 1153 3343 ablatorum

206 3390 243 3448 et
279 3402 384 3465 super
413 3379 550 3464 injuriis
585 3379 858 3443 satisfactionem
893 3379 958 3442 sub
992 3379 1154 3461 pactione

206 3482 345 3547 ioederis
367 3480 573 3564 postulavit,
601 3486 793 3543 conventus
816 3485 933 3543 autem
960 3477 1155 3561 superbiis

207 3581 424 3664 Reginaldus
435 3580 478 3643 de
489 3579 700 3644 castellione
716 3599 738 3642 a
751 3577 938 3642 Salaadino
954 3577 1038 3642 dure
1053 3577 1159 3642 nimis

207 3689 243 3747 et
253 3681 500 3745 contumeliose
516 3678 710 3761 respondit3
728 3677 936 3742 Salaadinus
948 3697 1039 3752 vero,
1052 3677 1157 3740 laetus

124 3831 127 3840 .
208 3801 314 3864 supra
335 3780 489 3856 modum,
511 3779 603 3862 quod
627 3779 664 3842 in
685 3784 784 3860 parte
807 3776 1085 3840 Christianorum
1106 3775 1161 3840 di-

206 3887 318 3963 ruptae
351 3886 452 3944 erant
481 3887 625 3959 treugae,
654 3877 697 3942 ad
726 3877 915 3942 vindictam
947 3883 1160 3958 provocatus

208 3980 402 4061 accingitur
418 3978 463 4044 ad
479 3985 667 4043 certamen.

269 4201 275 4231 ¹
285 4206 314 4253 Iu
325 4199 445 4273 Argita]
463 4205 557 4256 ‘Circa
568 4211 653 4268 partes
664 4207 824 4268 aquilonares
832 4199 848 4266 ς’
865 4204 967 4265 niceto,
977 4201 1027 4253 col.
1038 4204 1097 4250 628.
1153 4197 1158 4205 ⁴
