3144 5180
422 537 493 600 340
680 551 814 600 uoonru
840 552 887 598 nn
910 551 1117 599 wnunovnn

450 786 541 862 Quod
550 806 693 872 proceras
707 785 889 848 Britannia
903 785 1046 848 Hearieo
1062 785 1127 869 rapi
1143 794 1171 849 et
1188 783 1347 868 Goasrido
1381 859 1383 863 ¹

650 884 723 968 filio
739 906 791 947 suo
800 884 985 966 fidelitatem
992 885 1146 969 secarunt.

266 1025 417 1124 &palmo-m
479 1007 584 1072 Anno
606 1007 748 1072 Domini
767 1025 911 1070 uonxx.
935 1027 997 1082 rex
1019 1006 1215 1090 Anglorum
1234 1001 1383 1070 ¹Henri·

267 1128 372 1186 anem
428 1126 490 1172 cus
513 1109 549 1180 iu
575 1105 697 1170 Natali
720 1108 833 1171 tenuit
857 1108 987 1170 curiam
1015 1127 1114 1170 suam
1141 1107 1233 1189 apud
1259 1107 1380 1170 urbem

267 1176 397 1274 bliaiiynii
430 1205 680 1283 Nanetensem‚
698 1207 927 1289 praesentibus
950 1207 1122 1288 episcopis
1141 1214 1176 1270 et
1193 1206 1382 1270 baronibus

270 1277 359 1316 Nm
431 1306 624 1371 Britanniae
652 1306 807 1382 minoris,
839 1307 898 1368 ubi
921 1305 1123 1369 fidelitatem
1146 1325 1264 1369 omnes
1282 1305 1384 1389 jura-

431 1412 556 1469 verunt
569 1403 644 1467 'sibi
663 1411 698 1467 et
717 1405 788 1468 filio
811 1423 875 1468 suo
892 1403 1083 1483 Gausrid03
1108 1411 1144 1468 et
1165 1406 1201 1467 in
1220 1404 1383 1482 Quadra-

431 1505 563 1584 gesima
592 1505 748 1585 sequenti
771 1503 816 1566 ad
839 1501 1003 1585 Angliam
1028 1503 1278 1581 transfretavit,
1308 1505 1385 1587 ipse

432 1622 509 1666 cum
526 1603 684 1666 omnibus
699 1603 772 1666 suis
787 1595 842 1665 ²in
860 1604 946 1666 mari
963 1603 1034 1667 fere
1050 1605 1260 1668 submersus,

583 1775 830 1855 Deuhsolatione
847 1777 1070 1841 Londoniensis
1085 1776 1226 1862 episcopi.

272 1915 399 1955 Absoluuon
444 1933 446 1938 ·
483 1899 564 1978 Quo
579 1902 684 1964 etiam
699 1920 790 1964 anno
809 1896 1020 1977 Gilebertus,
1038 1899 1289 1963 Londoniensis
1304 1892 1388 1961 ³an-

270 1966 421 2056 iiffibffl'p
433 2000 544 2077 tistes,
563 2000 643 2062 dum
656 1998 804 2081 Alpibus
822 2000 1032 2063 transcensis
1050 1995 1199 2064 Romam
1216 1997 1385 2072 tenderet,

434 2099 527 2181 apud
556 2099 793 2163 Mediolanum
816 2099 956 2162 veniens
983 2099 1101 2161 literas
1128 2096 1257 2162 domini
1281 2116 1387 2178 papae

433 2199 470 2261 in
487 2197 562 2262 haec
579 2199 686 2262 verba
702 2199 875 2279 suscepit3
900 2197 1201 2276 ‘Rothomagensi
1217 2195 1388 2278 archiepi-

435 2291 541 2379 scopo
558 2305 595 2361 et
613 2297 776 2380 episcopo
797 2297 987 2360 Exoniensi
1006 2295 1161 2359 dedimus
1180 2296 1216 2358 iu
1238 2295 1383 2358 manda·

435 2397 482 2460 tis
500 2404 550 2473 ut,
567 2403 706 2478 recepto
723 2415 745 2458 a
761 2403 796 2459 te
807 2395 1019 2479 juramento,
1030 2395 1122 2477 quod
1140 2401 1260 2458 nostro
1274 2401 1387 2457 stares

431 2495 565 2579 judicio
583 2514 688 2577 super
706 2495 772 2571 his,
794 2515 857 2577 pro
876 2495 1001 2578 quibus
1021 2495 1057 2557 in
1075 2501 1109 2558 te
1126 2495 1199 2558 lata
1216 2500 1291 2557 erat
1306 2513 1386 2556 sen·

437 2595 559 2670 tentia,
582 2601 702 2657 nostra
725 2601 759 2657 te
782 2595 857 2658 vice
880 2595 1083 2673 absolvant3
1107 2595 1157 2658 ita
1178 2593 1316 2674 quidem
1335 2600 1387 2669 ut,

437 2711 500 2774 pro
519 2712 559 2756 eo
578 2693 670 2773 quod
689 2695 1008 2756 excommunicatus
1031 2692 1158 2769 fueras,
1180 2693 1312 2755 nullum
1329 2710 1386 2755 or·

438 2791 527 2854 dinis
545 2798 608 2854 aut
623 2792 803 2872 dignitatis
820 2793 1010 2873 periculum
1025 2799 1087 2856 aut
1100 2791 1251 2854 infamiae
1269 2797 1388 2854 notam

438 2890 542 2954 debes
559 2890 751 2954 sustinere?
801 2891 994 2974 Episcopus
1014 2891 1121 2972 igitur
1140 2891 1183 2954 ad
1199 2890 1389 2955 absolutio-

438 3009 517 3062 nem
539 2990 699 3070 aspirans
720 2990 811 3071 apud
831 2990 1092 3073 Rothomagum
1113 2990 1221 3054 indie
1241 2989 1388 3054 Pasohae

440 3095 493 3151 est
509 3089 709 3189 solemniter
726 3090 918 3154 absolutus.

539 3264 588 3327 Do
602 3263 669 3326 aito
684 3272 712 3362 et
729 3265 843 3329 virtute
857 3266 959 3329 saneti
977 3265 1107 3329 Godriea'
1120 3264 1280 3349 heremita.

509 3385 641 3450 Eodem
682 3386 820 3471 quoque
855 3408 946 3452 anno
982 3389 1189 3453 venerabilis
1222 3389 1392 3452 heremita

443 3479 634 3550 Godrious⁴
655 3506 701 3567 ex
723 3487 788 3551 hac
813 3487 890 3554 luce
918 3489 1089 3552 transiens
1116 3507 1179 3570 pro
1206 3489 1281 3552 vita
1304 3497 1393 3553 tem-

441 3584 553 3665 porali
577 3589 803 3651 commutavit
831 3596 1019 3664 aetemam;
1053 3587 1096 3650 de
1126 3588 1226 3670 cujus
1253 3589 1326 3651 vita
1356 3596 1395 3653 et

443 3679 579 3748 actibus
597 3685 808 3750 admirandis
836 3705 877 3751 ac
892 3687 959 3750 fine
974 3687 1126 3768 glorioso
1143 3687 1224 3750 huic
1239 3687 1395 3750 historiae

478 3851 487 3885 ¹
500 3855 647 3920 Berricen]
665 3858 767 3920 Dicete,
779 3860 827 3908 col.
837 3864 893 3910 551.
966 3857 977 3890 ⁴
990 3857 1145 3928 Gedrusos]
1162 3862 1217 3910 The
1230 3862 1274 3911 lile
1285 3862 1315 3911 of
1323 3862 1397 3913 God-

476 3922 535 3974 'Ia
562 3927 625 3974 arari
644 3927 700 3986 sere
727 3929 904 3993 subuersas]
929 3930 975 3991 rio,
992 3932 1093 3985 written
1109 3932 1144 3992 by
1158 3931 1287 3993 Geoffrey,
1304 3947 1320 3980 a
1335 3947 1397 3982 con-

443 3993 581 4057 Brompton
594 3996 685 4045 relatee
696 3997 751 4046 tbat
761 4013 808 4047 one
820 3999 849 4047 ot
861 3999 904 4048 the
929 4003 1071 4062 temporery
1079 4000 1195 4062 monk‚is
1206 4003 1307 4062 printed
1317 4003 1344 4050 in
1352 4002 1397 4052 the

443 4063 514 4124 s'bips
525 4065 669 4128 containing
684 4081 752 4116 more
762 4068 824 4116 than
834 4068 904 4117 three
929 4069 989 4118 Act.
1016 4070 1061 4119 SS.
1087 4070 1160 4131 May,
1181 4072 1231 4119 vol.
1254 4086 1280 4120 v.
1302 4085 1328 4132 p.
1352 4077 1396 4122 lt).

443 4133 558 4181 hundred
581 4135 651 4183 souls
667 4141 736 4185 went
753 4139 837 4198 down,
854 4139 904 4187 and
930 4137 1054 4199 Compare
1071 4140 1126 4188 also
1143 4141 1185 4188 tbe
1205 4141 1281 4190 Nova
1298 4142 1399 4202 Legen-

441 4202 478 4250 all
489 4216 521 4250 on
532 4204 610 4252 board
621 4203 739 4265 perished
752 4203 817 4267 ;‘col.
831 4211 904 4258 1060.
929 4208 973 4270 da,
984 4208 1028 4259 fol.
1042 4213 1097 4271 16⁷,
1105 4211 1131 4259 b.

476 4269 639 4337 Matinae]
657 4274 758 4339 Diceto,
773 4277 821 4327 ool.
833 4273 891 4326 out.
