3104 5186
444 523 489 588 88
702 536 838 586 uocaui
862 537 909 584 nu
933 535 1140 584 wuuuovnu

283 712 407 756 annun
446 701 562 758 mento
582 693 761 760 confossos
786 695 996 777 prostravit3
1023 703 1106 759 tuno
1133 694 1268 758 animus
1295 692 1397 756 rediit

282 765 432 856 illidii...
447 793 668 872 Christianis,
688 814 875 877 pugnaque
897 795 1104 877 gravissima
1120 793 1348 872 committitur
1364 799 1398 856 et

447 894 628 957 horrenda.
682 893 774 959 Caesi
794 901 876 959 sunt
893 895 929 956 in
945 894 1006 957 illo
1025 893 1189 958 conflictu
1209 892 1252 955 de
1270 893 1398 955 nostris

447 994 516 1058 duo
541 994 714 1077 principes
729 1015 738 1073 ;
769 1013 850 1057 nam
866 992 1077 1070 WillelmuS,
1093 992 1264 1056 Tancredi
1279 991 1398 1068 frater,

448 1093 529 1156 dum
546 1112 662 1175 regem
680 1094 851 1175 quendam
867 1092 1061 1156 Turcorum
1077 1093 1199 1155 lancea
1212 1091 1398 1172 transfigit,

448 1193 601 1277 ejusdem
615 1193 707 1274 regis
724 1193 846 1257 lancea
860 1193 1075 1275 perforatur3
1094 1190 1303 1255 Godefridus
1315 1209 1399 1272 quo-

448 1312 515 1374 que
539 1293 581 1356 de
601 1292 735 1369 Monte,
756 1292 838 1355 dum
857 1298 964 1374 caput
981 1291 1161 1374 cujusdam
1179 1290 1308 1374 pagani
1325 1308 1398 1352 am-

448 1399 561 1474 putat,
577 1392 708 1473 sagitta
729 1392 945 1474 perforatum
975 1392 1112 1467 tertiuS,
1128 1384 1398 1454 ¹Parisiacensis

450 1490 636 1566 Robertus,
668 1491 787 1554 eodem
819 1492 941 1554 mortis
975 1510 1100 1572 genere
1126 1491 1234 1554 vitam
1262 1488 1399 1553 linivit:

449 1589 646 1652 ceciderunt
668 1597 785 1653 autem
809 1591 846 1654 in
867 1590 932 1654 hoc
954 1590 1118 1654 conflictu
1139 1588 1182 1653 ad
1205 1589 1273 1651 duo
1290 1588 1401 1650 millia

448 1689 720 1771 peregrinorum,
744 1689 981 1753 deficientibus
1008 1690 1202 1770 agminibus
1230 1695 1266 1751 et
1289 1688 1331 1749 in·
1347 1687 1402 1750 su-

449 1807 528 1868 gam
549 1788 744 1870 compulsis.
797 1789 865 1852 Sed
882 1808 960 1851 eum
978 1789 1027 1851 sic
1043 1786 1235 1852 afficeretur
1249 1787 1400 1870 populus

450 1886 682 1965 Christianus,
715 1908 794 1953 ecce
832 1888 920 1951 alius
950 1887 1135 1965 exercitus,
1162 1907 1264 1969 quem
1300 1886 1401 1950 duce-

449 1987 511 2050 bat
540 1986 611 2052 dux
638 1986 862 2065 Godesridus,
889 2007 967 2052 cum
992 1987 1224 2070 quadraginta
1248 1985 1401 2051 millibus

450 2093 673 2164 armatorum,
697 2087 758 2170 qni
781 2107 899 2150 omnes
926 2087 1051 2150 acriter
1079 2087 1115 2149 in
1145 2087 1235 2150 acies
1264 2086 1403 2150 irruunt

450 2197 691 2267 perversorum
713 2193 749 2250 et
773 2187 937 2251 atrociter
968 2187 1054 2250 satis
1087 2193 1123 2249 et
1155 2187 1308 2250 animose
1341 2185 1403 2248 de-

451 2291 636 2363 certanteS,
666 2287 746 2349 dnm
779 2286 885 2349 Turci
917 2285 1073 2349 infideles
1105 2292 1159 2349 tot
1192 2285 1309 2348 hostes
1342 2303 1402 2348 su-

450 2386 648 2465 pervenisse
681 2385 909 2468 conspiciunt,
945 2386 1045 2468 quasi
1074 2384 1195 2448 caelum
1228 2403 1333 2465 super
1365 2403 1404 2448 se

452 2483 622 2545 ruiturum
649 2491 896 2566 expavescunt,
926 2504 1003 2548 cum
1032 2485 1118 2548 duce
1145 2504 1209 2548 sno
1230 2483 1403 2547 Soliman-

455 2601 500 2644 no
530 2583 728 2664 praesidium
754 2583 847 2666 sugae
877 2592 1085 2666 capessunt;
1117 2603 1203 2665 quos
1229 2583 1404 2664 fugientes

454 2679 642 2746 Christiani
667 2690 766 2747 tanta
789 2692 1043 2766 persequuntur
1069 2684 1249 2760 instantia,
1276 2690 1316 2746 ut
1341 2703 1405 2765 per

452 2789 603 2863 quatuor
623 2782 785 2846 milliaria
807 2783 898 2847 ultra
924 2803 1043 2846 eorum
1069 2790 1185 2847 castra
1204 2783 1404 2847 continuam

453 2889 678 2962 operarentur
703 2884 819 2946 exeis
842 2890 1007 2964 stragem,
1031 2890 1066 2946 et
1092 2883 1249 2964 captivos
1272 2902 1405 2959 omnes,

453 2998 540 3060 quos
567 2980 673 3044 Turci
699 2989 875 3063 ceperant,
898 2983 1113 3059 reducenteS,
1136 2983 1180 3045 ad
1205 2989 1321 3046 castra
1344 3001 1406 3046 eo·

453 3098 530 3140 rum
552 3086 634 3142 sunt
661 3083 811 3160 reversi3
836 3083 895 3145 uhi
917 3083 1126 3163 reperientes
1153 3082 1287 3163 copiam
1311 3081 1402 3157 auri,

455 3177 602 3257 argenti,
635 3178 872 3261 jumentorum
911 3201 988 3244 cum
1026 3182 1202 3263 gregibus,
1239 3181 1405 3243 armentis

455 3281 490 3338 et
512 3276 719 3341 victualibus
749 3280 905 3356 infinitis,
932 3280 1088 3344 collectis
1114 3280 1347 3362 papilionibus
1370 3287 1406 3343 et

455 3377 624 3453 tentoriis,
658 3379 756 3460 equis
795 3379 926 3461 pariter
955 3387 989 3444 et
1029 3380 1182 3456 camelis,
1212 3379 1248 3441 in
1285 3385 1404 3442 castra

454 3476 594 3556 propria
622 3484 705 3541 sunt
734 3479 874 3542 reversi.
934 3478 1109 3542 Cecidisse
1140 3485 1256 3542 autem
1283 3479 1404 3542 dicun·

454 3581 512 3638 tur
536 3595 579 3638 ea
610 3576 665 3639 die
691 3577 733 3641 de
760 3598 902 3642 numero
931 3578 1095 3655 hostium,
1122 3585 1157 3642 et
1187 3577 1279 3660 apud
1310 3597 1405 3655 suoS,

453 3673 606 3738 virorum
634 3678 827 3757 potentium
851 3671 915 3740 ²ad
942 3677 1011 3741 tria
1041 3677 1161 3742 millia.
1198 3676 1328 3742 Actum
1353 3685 1408 3741 est

488 3829 685 3882 ¹Pariciocensir
690 3833 811 3883 liebertus
816 3829 840 3903 ,·]
853 3851 914 3898 sup·
976 3831 1032 3885 'Aa
1041 3835 1091 3885 trio
1100 3836 1200 3900 millia]
1211 3837 1265 3886 The
1272 3837 1373 3898 princes
1381 3838 1411 3887 os

452 3901 532 3962 posed
542 3906 568 3950 to
579 3902 644 3952 have
652 3904 714 3952 been
723 3904 765 3953 the
774 3918 843 3955 same
851 3907 914 3954 with
940 3906 983 3955 the
989 3907 1130 3955 Crusaders
1137 3906 1232 3956 intheir
1239 3907 1325 3968 public
1332 3908 1408 3956 letter

453 3971 506 4018 him
514 3970 634 4021 whohad
645 3971 730 4022 before
742 3976 878 4035 presumed
888 3981 914 4024 to
940 3980 966 4024 to
978 3977 1090 4038 Europe,
1106 3991 1139 4024 on
1155 3975 1197 4025 the
1215 3981 1303 4026 events
1319 3976 1348 4025 ol
1362 3977 1405 4026 the

452 4039 547 4089 ascend
558 4041 599 4090 the
607 4041 695 4092 throne
704 4044 754 4093 and
767 4045 840 4105 place
851 4046 914 4094 him·
940 4060 1003 4107 war,
1015 4050 1092 4094 wrote
1112 4046 1167 4094 that
1185 4046 1263 4106 thirty
1279 4046 1406 4096 thousand

453 4108 503 4160 seli
511 4112 544 4170 by
554 4110 596 4160 the
608 4112 664 4160 side
675 4113 704 4161 os
708 4114 826 4165 Alexius.
864 4116 914 4164 His
939 4114 1024 4164 Turhs
1040 4130 1108 4165 were
1124 4115 1204 4164 killed
1221 4117 1247 4164 in
1263 4116 1305 4164 the
1322 4117 1407 4165 action

452 4179 528 4229 death
538 4180 560 4228 is
572 4183 691 4231 recorded
703 4184 729 4231 in
740 4182 783 4231 the
793 4185 913 4235 Alexiad.
940 4186 991 4233 and
1013 4185 1083 4234 three
1105 4185 1231 4234 thousand
1254 4185 1407 4236 Christians.

449 4249 499 4298 See
513 4249 625 4312 Gihhon,
636 4252 672 4303 xi.
684 4267 711 4313 p.
723 4257 765 4316 5⁰,
776 4259 839 4305 note.
941 4255 1067 4316 Martene,
1088 4255 1157 4304 Vett.
1188 4256 1290 4317 Scriptt.
1319 4257 1407 4318 Ampl.

940 4324 1005 4374 Coll.
1016 4325 1035 4374 i.
1047 4329 1104 4374 668.
