3190 5202
514 576 559 639 70
669 647 674 658 q
774 587 909 637 nocnar
932 587 980 634 nn
1004 585 1210 636 wnunovnn

354 764 475 862 1Δῃι.)ιοῐγΜ
404 764 477 802 1⁰⁹⁰
516 754 639 812 contra
669 755 881 830 praeceptum
922 747 1141 830 imperatoris
1173 745 1322 829 populus
1354 745 1466 810 cervi-

352 863 390 902 a
393 814 506 906 c⁰n¹lrlea
518 865 620 911 cosus
636 865 734 910 arma
758 853 917 912 moverat
933 847 1130 923 temeraria,
1147 865 1207 928 qur
1197 844 1423 909 “consuluit
1412 864 1465 908 ιιι-

517 946 658 1010 doctum
673 946 814 1028 vulgus,
839 953 880 1010 ut
897 943 1040 1029 pacifice
1064 944 1170 1027 apud·
1173 942 1465 1025 Constantinopo-

506 1045 578 1109 -lim
604 1052 826 1128 exspectaret
855 1063 966 1126 usque
988 1043 1033 1108 ad
1058 1043 1247 1108 adventurn
1270 1043 1464 1125 principum

507 1143 597 1210 illos
622 1143 917 1227 subsequentium,
932 1143 992 1225 qui
1006 1142 1246 1227 prudentiores
1260 1141 1345 1224 ipsis
1364 1149 1465 1204 erant

518 1251 554 1308 et
585 1244 629 1307 ad
657 1243 797 1326 plenum
834 1243 871 1305 in
903 1241 1028 1305 militia
1056 1240 1193 1305 eruditi.
1243 1239 1465 1304 Solimannus

518 1362 614 1420 vero,
637 1361 707 1406 non
732 1339 922 1406 sufficiente
939 1341 1031 1423 quod
1047 1340 1177 1404 sactum
1190 1338 1315 1416 fuerat,
1330 1340 1365 1402 in
1390 1359 1465 1403 cas-

519 1449 574 1505 tra
596 1440 697 1505 irruit
712 1441 895 1517 violenter,
909 1447 945 1504 et
963 1458 1076 1516 senes,
1094 1437 1376 1514 valetudinarios,
1391 1457 1465 1502 mo·

519 1538 649 1604 nachos
662 1532 709 1604 ¹et
723 1539 913 1616 ordinatos,
922 1545 1110 1616 matronas,
1124 1537 1258 1620 puellas
1273 1544 1308 1601 et
1325 1556 1464 1619 pueros,

509 1639 555 1700 .in
569 1657 629 1701 ore
651 1638 758 1720 gladii
778 1638 952 1703 interemit
967 1638 1116 1716 multos;
1150 1635 1317 1718 quosdam
1336 1642 1465 1713 tamen,

519 1756 664 1818 quorum
694 1743 782 1801 aetas
803 1755 867 1819 pro
892 1737 942 1800 eis
970 1736 1205 1802 intercedebat
1221 1742 1256 1799 et
1280 1734 1399 1812 facies,
1421 1735 1464 1798 ad

520 1834 586 1899 hoc
606 1837 808 1901 reservabat
832 1835 974 1914 illaesos,
997 1841 1038 1898 ut
1057 1841 1234 1918 perpetuae
1256 1833 1465 1916 subjicerent

519 1935 688 1999 servituti.
740 1935 828 1999 Erat
844 1941 961 1998 autern
975 1952 1083 2017 prope
1100 1939 1217 1998 castra
1233 1932 1396 2009 fidelium,
1411 1952 1465 1996 se-

518 2053 581 2098 cus
594 2033 694 2099 littus
708 2034 827 2112 maris,
841 2040 943 2098 vetus
959 2031 1132 2116 quoddam
1148 2031 1346 2115 praesidium
1368 2031 1466 2096 babi-

519 2133 690 2198 tatoribus
712 2152 875 2210 vacuum,
904 2132 940 2196 ln
967 2150 1036 2215 quo
1061 2132 1267 2197 necessitate
1297 2131 1465 2213 compulsi

519 2233 564 2296 ad
586 2233 655 2297 tria
673 2233 782 2297 millia
804 2230 1063 2314 peregrinorum
1088 2250 1126 2296 se
1151 2229 1383 2306 contulerunt,
1409 2249 1464 2294 sa-

518 2330 625 2396 lutem
644 2351 681 2394 se
701 2332 748 2394 ibi
771 2349 875 2412 posse
889 2330 1053 2413 consequi
1069 2329 1296 2409 arbitrantes;
1319 2348 1464 2411 cumque

518 2429 555 2492 in
575 2449 617 2492 eo
633 2447 656 2492 a
674 2428 877 2493 Solimanno
897 2428 1042 2496 fuissent
1056 2428 1205 2507 obsides,
1229 2447 1304 2492 sese
1321 2429 1466 2494 viriliter

519 2526 753 2611 defendentes,
776 2527 904 2592 Petrus
925 2529 969 2592 ad
986 2530 1227 2612 imperatorem
1240 2527 1396 2605 veniens,
1413 2528 1465 2592 su·

518 2626 567 2688 sis
590 2626 765 2691 humiliter
791 2628 963 2710 precibus,
988 2626 1148 2704 obtinuit,
1182 2636 1222 2690 ut
1246 2627 1353 2691 missa
1382 2626 1465 2691 illuc

436 2755 440 2763 ·
517 2725 642 2790 militia
676 2725 842 2809 reliquias
880 2727 1000 2810 populi
1032 2726 1138 2791 faciat
1167 2726 1331 2805 liberari;
1372 2727 1464 2808 quod

517 2844 594 2888 cum
614 2825 744 2888 factum
765 2825 902 2903 fuisset,
924 2827 1090 2890 remansit
1108 2824 1234 2890 Petrus
1256 2824 1348 2907 apud
1374 2824 1465 2890 Con·

517 2924 779 3006 stantinopolim
796 2943 875 2988 cum
891 2924 1046 3007 reliquiis
1068 2925 1254 3001 exercitus,
1271 2924 1464 3007 principum

517 3030 725 3104 exspectans
741 3024 945 3088 adventum,

639 3193 689 3258 De
697 3195 874 3280 perepriuis
888 3195 1069 3280 quibasdam
1083 3194 1151 3260 dolo
1165 3195 1343 3280 intersectis.

381 3344 452 3373 που
568 3314 717 3379 Secutus
758 3323 812 3380 est
849 3324 966 3382 autem
1003 3316 1066 3381 hos
1101 3337 1202 3382 cruce
1240 3319 1399 3400 signatos
1431 3320 1464 3382 iu

403 3395 437 3423 ‘⁸⁰
474 3411 480 3424 ’
511 3415 807 3497 peregrinationis
837 3422 920 3481 voto
954 3416 1114 3481 sacerdos
1146 3416 1299 3500 quidam,
1329 3420 1464 3482 nomine

518 3512 747 3579 Godescallus
771 3521 807 3578 et
823 3515 962 3580 natione
976 3515 1200 3593 Teutonicus
1223 3517 1294 3598 qui,
1315 3519 1463 3598 gratiam

517 3613 647 3678 habens
679 3613 943 3692 exhortationis
977 3615 1022 3678 ad
1052 3616 1247 3698 quindecim
1277 3616 1388 3680 millia
1423 3617 1464 3680 de

516 3732 625 3794 regno
641 3712 969 3778 Teutonicorumad
986 3732 1074 3796 opus
1091 3715 1202 3779 crucis
1219 3715 1256 3778 in
1268 3714 1464 3796 Hungariae

517 3811 604 3876 fines
634 3811 823 3890 conduxit;
852 3812 910 3875 ubi
941 3832 1019 3876 cum
1044 3814 1199 3877 exercitu
1226 3832 1290 3878 suo
1314 3815 1463 3891 venalia,
1568 3831 1569 3880 ς

517 3911 561 3974 dc
585 3909 750 3975 mandato
775 3911 878 3991 regia,
903 3911 1003 3975 bonis
1027 3911 1280 3977 conditionibus
1300 3914 1344 3976 ab
1361 3913 1463 3978 Hun-
1568 3899 1569 3980 l

517 4010 627 4098 garis
646 4009 873 4090 accepissent,
898 4010 1139 4076 alimentorum
1171 4012 1349 4094 opulentia
1379 4014 1462 4076 abu·
1568 4003 1569 4052 l

516 4117 628 4172 tentes
644 4114 680 4173 et
696 4109 856 4174 ebrietati
870 4118 1047 4188 vacantes,
1064 4109 1108 4174 ad
1127 4130 1282 4175 enormes
1297 4130 1461 4193 prorupe-
1568 4183 1569 4192 ἵ

517 4215 597 4270 runt
622 4207 781 4291 injurias,
797 4208 932 4289 praedas
955 4217 1100 4292 agentes
1116 4217 1152 4274 et
1166 4218 1319 4292 stragem
1342 4210 1377 4273 in
1401 4229 1461 4292 po·

621 4420 629 4453 ¹
643 4425 676 4472 Et
687 4426 831 4489 ordinatos]
849 4428 898 4476 ‘Et
910 4429 1005 4478 clerum
1017 4431 1161 4480 universum
1171 4425 1185 4490 ς’
1198 4429 1267 4478 Will.
1279 4429 1340 4489 Tyr.
