3138 5184
411 533 551 582 cuorus
575 533 843 582 fflsroatanon.
1033 520 1099 584 199

149 689 235 752 berti
266 690 384 752 fratris
407 690 500 769 regis
527 689 685 766 Henrici,
714 690 789 771 ipse
817 708 899 752 vero
931 707 993 752 rex
1018 709 1094 754 cum
1107 707 1230 797 ssgffll

124 821 127 826 ι
149 788 278 851 viribus
302 789 463 852 maximis
485 794 560 852 erat
582 790 619 850 in
640 788 797 870 sequenti
817 789 954 868 agmine
969 791 1222 854 consti-numu·-

149 893 265 965 tutus;
288 906 353 949 rex
368 906 451 951 vero
467 885 659 967 Anglorum
676 886 863 963 Henricus,
878 886 988 949 tribus
1005 889 1095 952 acie-

148 985 211 1046 bus
241 984 434 1064 dispositis,
466 986 503 1047 in
531 985 642 1068 prima
676 1003 836 1066 proceres
869 983 1095 1050 Normanniae

149 1081 345 1158 collocavit,
380 1083 417 1146 in
453 1083 604 1146 secunda
636 1085 710 1165 ipse
740 1101 803 1146 rex
839 1102 917 1146 cum
955 1085 1095 1165 propria

146 1180 301 1248 residens
323 1180 466 1257 familia,
494 1183 531 1244 in
559 1183 662 1246 tertia
687 1181 776 1244 filios
798 1200 880 1244 suos
902 1200 980 1246 curn
1001 1201 1094 1246 sum·

146 1279 209 1342 mis
237 1280 370 1343 viribus
402 1279 535 1362 pedites
565 1281 750 1344 ordinavit.
802 1280 1094 1344 Concurrentibus

145 1377 252 1456 igitur
267 1377 349 1441 binc
369 1378 449 1441 inde
466 1379 626 1456 catervis,
645 1379 756 1461 prima
774 1378 986 1444 Francorum
1002 1381 1094 1442 acies

147 1495 304 1555 proceres
325 1476 604 1540 Normannorum
626 1485 823 1558 penetranS,
845 1478 890 1541 ab
912 1477 1010 1558 equis
1033 1498 1093 1542 eos

146 1573 334 1655 depellens,
360 1575 542 1659 dispersit3
577 1576 700 1641 deinde
727 1577 764 1638 in
794 1577 915 1653 aciem,
947 1577 1003 1639 cui
1030 1596 1092 1640 rex

147 1671 322 1736 Henricus
338 1680 498 1755 praeerat,
510 1694 705 1756 erumpens,
722 1676 835 1756 ipsam
849 1675 954 1738 etiam
970 1682 1091 1756 poten·

147 1779 197 1834 ter
214 1772 411 1854 dissipavit,
428 1772 489 1836 sed
506 1792 567 1836 rex
584 1773 793 1866 Anglorum,
809 1773 1003 1854 agminibus
1018 1775 1092 1837 suis

146 1877 304 1950 potenter
317 1871 503 1948 resarcitis,
513 1871 727 1954 [respiravit]
740 1892 749 1950 3
773 1873 812 1935 fit
823 1871 1003 1938 conflictus
1015 1892 1091 1952 gra·

145 1969 318 2046 tissimus,
336 1971 619 2034 concurrentibus
638 1971 717 2033 hinc
733 1971 813 2033 inde
829 1970 1004 2050 regalibus
1020 1977 1092 2033 tur-

147 2068 221 2143 mis,
230 2066 343 2131 bastae
352 2067 758 2150 confringuntur,mutuo
766 2068 892 2150 gladiis
901 2087 955 2130 res
965 2069 1091 2148 agitur.

146 2165 342 2229 Willelmus
358 2164 559 2247 Crispinus,
586 2167 707 2232 consul
727 2166 956 2242 Ebroicensis,
978 2184 1093 2247 quem,

147 2263 256 2345 culpis
279 2265 352 2327 suis
375 2265 606 2345 exigentibus,
621 2267 725 2347 paulo
741 2280 822 2329 ante
837 2284 900 2328 rex
918 2264 1092 2328 Henricus

147 2362 362 2438 exulaverat,
373 2370 478 2445 caput
489 2363 642 2446 ejusdem
652 2365 743 2445 regis
755 2364 872 2446 gladio
883 2363 937 2425 bis
951 2381 1091 2444 percus-

147 2462 210 2539 sit;
234 2469 270 2525 et
287 2461 369 2525 licet
385 2462 493 2528 lorica
504 2468 539 2525 et
556 2463 657 2543 galea
670 2469 787 2526 essent
801 2461 1091 2544 impenetrabiles,

147 2560 275 2622 ictuum
300 2567 416 2623 tamen
446 2560 599 2642 pondere
627 2562 749 2625 lorica·
763 2562 840 2644 ipsa
869 2561 975 2641 capiti
1000 2561 1091 2642 regis

145 2658 274 2722 inserta
302 2667 367 2735 est,
388 2659 440 2723 ita
463 2667 503 2723 ut
527 2660 670 2741 sanguis
691 2666 886 2742 erumperet
910 2659 1091 2723 abundan-

148 2763 223 2836 ter;
257 2777 321 2820 rex
346 2777 428 2822 vero
453 2758 574 2821 laesum
601 2759 813 2822 sesentiens
840 2759 893 2821 ira
913 2758 1092 2824 incanduit

146 2855 352 2931 vehementi,
380 2864 415 2920 et
442 2876 678 2939 percussorem
704 2876 805 2921 suum
831 2857 882 2921 ita
907 2857 1091 2938 percussit,
1166 2917 1168 2922 .

145 2955 237 3034 quod
252 2974 378 3036 equum
400 2963 435 3019 et
448 2957 598 3037 equitem
621 2976 690 3019 uno
712 2957 785 3020 ictu
806 2956 842 3018 in
865 2963 991 3019 terram
1012 2974 1091 3037 pro·

144 3053 284 3130 stravit,
305 3059 341 3116 et
362 3073 444 3118 mox
467 3054 675 3137 antepedes
698 3056 812 3136 regios
834 3063 956 3136 captus
978 3061 1033 3117 est
1056 3061 1092 3116 et

145 3152 292 3215 vinculis
321 3153 548 3234 mancipatus.
600 3153 700 3217 Tunc
727 3154 820 3217 acies
847 3153 1029 3234 pedestris
1055 3152 1091 3214 in

144 3269 216 3330 qua
241 3250 304 3312 filii
325 3252 418 3332 regis
440 3259 549 3329 erant,
574 3270 652 3333 quae
673 3253 806 3316 intaeta
831 3251 942 3314 adbuc
966 3249 1091 3326 iuerat,

141 3348 274 3413 lanceis
288 3349 474 3427 inclinatis,
491 3370 537 3414 ex
557 3351 702 3414 adverso
724 3350 882 3432 prorupit
903 3349 939 3410 in
961 3345 1091 3423 hostes,

144 3467 226 3510 cum
250 3448 380 3529 impetu
413 3448 499 3512 adeo
530 3450 736 3530 ponderoso,
765 3448 857 3529 quod
887 3444 1091 3524 Galligenas

144 3547 238 3610 acics
263 3565 382 3610 omnes
406 3548 520 3628 coegit
548 3548 583 3610 in
609 3547 754 3628 iugam;
781 3554 817 3610 at
839 3545 890 3608 illi
910 3544 1025 3607 subito
1048 3543 1091 3605 li-

144 3645 310 3725 quefacti,
334 3653 433 3726 terga
453 3645 685 3720 ostendentes,
705 3646 779 3726 regi
805 3643 958 3707 Henrico
982 3643 1091 3707 victo·

144 3744 231 3806 riam
260 3750 517 3820 concesserunt,
542 3745 601 3825 qui
628 3751 788 3825 potenter
809 3745 845 3805 in
868 3761 990 3823 campo
1013 3760 1091 3821 per-

143 3842 235 3906 stitit
262 3841 371 3904 donec
395 3843 579 3924 optimates
598 3841 761 3918 bostium,
779 3861 860 3922 rege
879 3841 1092 3905 Francorum

143 3939 312 4021 fugiente,
341 3941 435 4022 capti
459 3947 542 4004 sunt
565 3947 601 4004 et
630 3941 704 4021 regi
731 3941 854 4004 victori
879 3938 1090 4019 praesentati.

147 4037 270 4102 Comes
287 4057 370 4102 vero
392 4037 615 4102 Flandrensis
640 4039 813 4103 lethaliter
831 4035 1032 4100 vulneratus
1049 4035 1091 4096 ad

146 4155 208 4200 sua
225 4138 330 4201 estin
347 4138 470 4202 lectica
488 4137 667 4202 adductus.
722 4137 801 4200 Rex
815 4154 897 4199 vero
920 4131 1093 4194 Henricus
