3104 5186
442 523 509 594 136,
696 541 831 592 nocam
855 540 902 588 nn
926 539 1135 590 wanoovna

284 713 408 774 aanor
446 691 604 772 gebatur.
658 690 763 754 Turci
784 698 901 754 autem
919 691 1195 756 Christianorum
1214 689 1397 778 audientes

286 761 434 854 illidii...
448 789 649 867 adventum,
659 779 692 853 'si
707 777 785 873 quae
801 790 939 855 suerunt
956 777 1070 874 aqum,
1080 775 1179 875 jactu
1193 787 1347 871 pulveris
1363 794 1401 851 et

450 889 527 954 aliis
548 889 658 954 modis
684 909 743 954 eas
763 890 1015 972 oppilaverant,
1036 899 1076 956 ut
1093 888 1226 954 obsidio
1247 888 1401 969 ineptior

450 988 668 1068 redderetur;
692 989 805 1056 sedet
824 989 993 1054 cisternas
1012 996 1048 1053 et
1062 988 1266 1072 pluvialium
1288 1006 1402 1068 aqua-

450 1108 527 1152 rum
542 1089 760 1171 receptacula
783 1096 844 1152 aut
863 1085 1128 1170 dissipaverant,
1148 1095 1187 1151 ut
1203 1105 1312 1169 aquas
1330 1105 1403 1148 non

451 1189 607 1252 valerent
632 1189 789 1264 retinere,
817 1195 877 1251 aut
899 1188 1169 1263 occultaverant,
1192 1192 1232 1250 ut
1255 1184 1405 1251 remedi-

452 1307 510 1350 um
529 1287 772 1352 subtraherent
788 1287 918 1369 populo
934 1287 1076 1351 sitienti.
1127 1286 1316 1368 Dispersus
1334 1284 1404 1346 ita·

453 1406 520 1468 qne
534 1387 684 1469 populus
706 1406 767 1468 per
782 1387 860 1450 loca
873 1387 1022 1463 diversa,
1039 1394 1079 1450 ut
1093 1403 1203 1468 aquas
1217 1389 1402 1468 quaereret,

453 1485 534 1548 dum
553 1487 713 1549 exierunt
729 1505 806 1550 cum
829 1487 961 1567 paucis,
976 1495 1017 1550 ut
1035 1485 1155 1549 latices
1174 1489 1405 1566 reportarent,

454 1584 514 1647 alii
536 1584 625 1648 idem
649 1584 814 1649 habentes
835 1586 1050 1667 propositum
1070 1585 1178 1648 multo
1201 1583 1319 1666 plures
1343 1601 1405 1645 su·

454 1693 696 1765 pervenerunt,
712 1691 746 1748 et
761 1685 911 1749 inventis
928 1685 1081 1748 fontibus
1100 1685 1196 1750 litem
1217 1683 1302 1746 adeo
1321 1700 1406 1744 eon-

454 1783 574 1850 testati
605 1791 699 1861 sunt,
726 1791 766 1847 ut
798 1803 1045 1866 nonnunquam
1072 1785 1163 1847 inter
1192 1801 1251 1845 eos
1278 1781 1406 1844 seditio

455 1882 624 1961 oriretnr;
658 1881 737 1966 eqni
762 1891 942 1966 praeterea,
971 1884 1055 1946 muli
1087 1891 1122 1946 et
1150 1881 1250 1958 asini,
1277 1899 1406 1962 greges

456 1988 492 2048 et
514 1991 681 2059 armenta,
709 1982 769 2046 siti
794 1983 1023 2065 ariditateqne
1050 1988 1256 2063 consumpta
1279 1980 1408 2044 morie·

374 2079 376 2084 ’
455 2081 595 2158 bantur,
617 2082 761 2146 interius
791 2081 990 2164 liquefacta,
1013 2082 1103 2147 unde
1132 2082 1168 2147 in
1193 2080 1317 2144 eastris
1340 2078 1409 2142 soe-

457 2187 513 2245 tor
541 2186 618 2245 erat
651 2181 879 2246 intolerabilis
911 2190 946 2246 et
978 2181 1143 2264 pestilens
1179 2180 1280 2242 nimis
1315 2177 1409 2242 aeris

457 2280 664 2362 corruptela.
716 2279 825 2346 Venit
851 2281 984 2343 interea
1015 2281 1157 2344 nuntius
1184 2279 1228 2340 ad
1255 2277 1410 2341 obsidio-

457 2398 547 2454 nem,
566 2379 638 2460 qui,
655 2379 801 2442 classem
817 2377 840 2441 J
844 2379 1046 2442 anuensium
1063 2380 1100 2441 in
1116 2386 1219 2460 portu
1234 2376 1257 2440 J
1261 2377 1410 2458 oppansi

457 2476 664 2558 applicuisse
686 2477 862 2554 nuntians,
884 2478 984 2558 petiit
1000 2497 1021 2542 a
1038 2478 1262 2560 principibus,
1282 2483 1322 2538 ut
1342 2475 1410 2537 mi-

457 2576 533 2639 litia
556 2574 763 2656 dirigeretur
785 2576 829 2639 ad
847 2595 918 2653 eoS,
943 2578 1009 2641 sub
1030 2577 1131 2660 eujus
1152 2575 1321 2641 conductu
1347 2593 1410 2640 ac·

457 2673 578 2738 cedere
600 2683 742 2754 possent
766 2675 810 2738 ad
830 2677 975 2755 urbem3
1007 2676 1156 2739 mittitur
1177 2676 1285 2756 igitur
1304 2693 1326 2737 a
1344 2675 1410 2737 do·

457 2773 549 2837 mino
575 2772 775 2838 Tholosano
801 2769 1047 2839 ¹Galdemarus
1069 2774 1222 2857 quidam,
1241 2775 1276 2838 in
1301 2773 1411 2836 armis

458 2878 631 2949 strenuus,
667 2891 746 2936 curn
783 2874 926 2955 triginta
960 2875 1132 2957 equitibus
1165 2881 1200 2937 et
1232 2871 1412 2957 peditibus

458 2971 731 3052 quinquaginta3
753 2973 966 3056 conjungens
984 2975 1046 3048 εἰς,
1057 2994 1100 3037 ne
1117 2973 1312 3049 deficerent,
1325 2972 1414 3038 Rei·

459 3070 622 3132 mundum
644 3070 795 3135 Piletum
817 3079 852 3136 et
870 3066 1101 3138 ²Willelmum
1120 3073 1163 3135 de
1181 3071 1311 3136 Sabulo
1326 3092 1409 3135 cum

459 3169 631 3250 equitibus
653 3171 931 3254 quinquaginta3
955 3174 1027 3256 qui,
1050 3173 1227 3236 venientes
1250 3171 1295 3238 ad
1313 3189 1412 3234 cam-

458 3269 588 3349 pestria
613 3270 744 3352 Lyddae
764 3278 801 3335 et
821 3271 980 3336 Ramulae
1002 3273 1193 3348 civitatum,
1214 3271 1415 3334 habuerunt

459 3367 596 3434 obviam
620 3369 754 3433 Turcos
776 3378 973 3447 sexcentos,
999 3373 1059 3453 qui
1080 3372 1237 3453 protinus
1264 3370 1301 3433 in
1319 3388 1412 3440 ,nos-

460 3473 532 3530 tros
554 3468 724 3531 irruentes
750 3476 901 3550 quatuor
919 3471 1053 3551 equites
1074 3477 1110 3533 et
1133 3469 1267 3552 pedites
1291 3469 1414 3550 plures

460 3584 505 3628 ex
537 3566 586 3631 eis
617 3575 847 3649 peremerunt,
877 3568 938 3632 sed
966 3570 1076 3632 nostri
1105 3568 1241 3632 demum
1274 3586 1415 3649 praeva-

460 3662 584 3741 lentes,
604 3667 704 3730 caesis
727 3666 883 3732 ducentis
911 3687 957 3733 ex
984 3687 1126 3731 numero
1147 3667 1352 3741 Turcorum,
1374 3666 1415 3729 in

460 3759 579 3844 sugam
595 3773 739 3828 caeteros
760 3767 1013 3848 compulerunt.
1067 3765 1274 3831 Ceciderunt
1293 3773 1414 3829 tamen

460 3982 525 4032 ferre
546 3988 670 4045 poterant,
686 3985 846 4050 jejunabant,
865 3985 926 4046 quia
985 3982 994 4014 ¹
1017 3985 1206 4048 cammarus]
1233 3985 1418 4046 ‘cognomento

456 4053 555 4117 jejunio
567 4053 633 4101 sitim
649 4053 840 4114 temperabant!
875 4055 925 4103 Ro·
951 4053 1094 4117 Carpinelle
1103 4050 1118 4116 3’
1137 4055 1208 4104 Will.
1219 4054 1278 4116 Tyr.
1290 4069 1317 4116 p.
1329 4057 1389 4103 753.

460 4122 525 4171 bert.
533 4122 653 4172 Monach.
663 4139 690 4184 p.
703 4126 743 4172 ⁷⁵.
767 4122 821 4171 The
831 4127 925 4172 torrent

460 4190 490 4238 ol
498 4190 597 4239 Cedron
610 4192 660 4240 and
676 4193 789 4240 founteln
800 4207 829 4241 or
845 4194 924 4242 brock
983 4189 995 4224 ²
1010 4192 1196 4242 Willelmumde
1208 4185 1321 4258 Subula]
1333 4190 1417 4239 ‘Wil-

461 4259 490 4312 οἰ
498 4259 565 4309 Siloa
575 4275 643 4312 were
653 4261 714 4312 both
724 4261 797 4310 dried
807 4277 851 4324 up.
948 4262 1051 4312 lelrnum
1063 4263 1095 4312 de
1107 4263 1203 4314 Sabran
1212 4258 1226 4324 ;’
1244 4261 1315 4310 Will.
1326 4260 1389 4321 Tyr.
