3190 5202
309 727 365 768 Μ).
374 729 431 768 iffi.

306 1317 430 1360 mmor

307 1367 434 1409 Dum

466 535 512 598 24
715 551 850 598 noonnr
873 552 921 598 on
945 551 1152 600 wnunovsa

464 707 634 791 jugabat3
658 705 755 788 pacis
772 667 889 769 antem
912 714 1032 770 tantus
1049 712 1185 769 amator
1205 713 1292 782 erat,
1311 699 1421 788 ¹quod

469 805 587 888 puella
612 803 730 886 [auro]
752 811 881 868 onusta
902 806 1042 887 impune
1062 811 1180 886 posset
1197 810 1307 868 totam
1325 806 1419 886 [per-

470 901 633 989 transire]
652 902 829 985 Angliam.

557 1073 764 1158 upooopatm
778 1073 1038 1138 Dorkecestreocir
1053 1066 1116 1137 ²ad
1127 1071 1328 1138 Liocobaiom

843 1173 1043 1256 transfertur.

522 1295 601 1360 Rex
613 1295 823 1370 willelmus,
839 1295 944 1376 paulo
960 1303 1054 1371 ante,
1069 1293 1231 1376 Remigio
1246 1293 1421 1358 Fisoamni

309 1419 437 1459 mona
470 1393 639 1459 monacho
661 1393 803 1456 dederat
819 1391 1073 1457 Dorkeoestriae
1091 1394 1337 1475 praesulatum3
1360 1391 1421 1455 sed

309 1467 432 1509 toblnwlu.

470 1493 634 1574 episcopo
655 1490 756 1554 valde
778 1491 955 1573 displicuit
978 1493 1070 1574 quod
1092 1492 1175 1554 urbs
1200 1492 1262 1555 illa
1286 1491 1421 1554 modica

471 1597 559 1667 erat,
574 1609 653 1653 cum
669 1590 706 1652 in
723 1589 843 1653 eodem
864 1589 1066 1673 episcopatu
1083 1590 1207 1653 civitas
1228 1588 1418 1653 Lincolniae

471 1688 546 1752 sedi
567 1686 756 1770 episcopali
775 1689 911 1770 dignior
930 1689 1115 1752 videretur.
1168 1686 1334 1751 Mercatis
1353 1687 1420 1767 igi-

472 1793 531 1850 tur
561 1786 706 1868 inipso
735 1787 863 1851 montis
894 1787 1023 1850 vertice
1058 1787 1209 1869 praediiS,
1240 1785 1421 1850 ecclesiam

471 1883 599 1948 ibidem
630 1885 849 1964 construxit3
880 1891 915 1948 et
943 1885 1026 1948 licet
1048 1885 1276 1949 Eboracensis
1307 1883 1420 1947 archi·

473 1983 655 2066 episcopus
679 1984 793 2046 locum
815 1989 851 2046 et
870 1983 1047 2047 civitatem
1070 1984 1114 2046 ad
1134 2003 1234 2046 suam
1256 1983 1420 2046 diocesim

457 2089 642 2145 ‘assereret
672 2082 854 2164 pertinere,
887 2083 1096 2146 assertiones
1130 2081 1206 2166 ejus
1239 2080 1420 2160 Remigius

471 2180 723 2263 parvipendens
746 2199 833 2262 opus
856 2180 1054 2243 inchoatum
1077 2200 1147 2244 non
1166 2181 1320 2260 segniter
1341 2198 1420 2260 per·

471 2280 555 2360 egit,
590 2286 819 2361 paratumque
848 2278 982 2354 clericis
1015 2278 1173 2342 doctrina
1202 2286 1238 2341 et
1267 2278 1420 2341 moribus

470 2376 724 2459 probatissimis
758 2376 946 2440 decoravit.
999 2377 1086 2440 Erat
1115 2377 1252 2459 quidem
1284 2383 1421 2440 statura

471 2493 601 2556 parvus
631 2473 691 2536 sed
722 2473 824 2537 corde
863 2492 1021 2556 magnus,
1051 2475 1166 2538 colore
1204 2475 1322 2538 fuscus
1360 2477 1420 2540 sed

472 2573 633 2654 operibus
649 2570 799 2651 nitidus3
823 2571 866 2634 de
879 2574 975 2654 regia
991 2593 1127 2656 quoquo
1144 2574 1337 2655 proditioue
1354 2574 1421 2639 suit

471 2669 658 2754 aliquando
685 2678 879 2746 accusatus
914 2672 974 2735 sed
999 2671 1140 2753 quidam
1165 2672 1314 2736 famulus
1344 2674 1420 2757 ejus

470 2763 726 2852 igniti³judicio
742 2769 821 2833 ferri
836 2770 1010 2833 dominum
1026 2789 1191 2852 purgans,
1203 2772 1299 2852 regio
1314 2773 1423 2835 amori

471 2868 635 2945 restituit,
650 2876 685 2931 et
700 2869 872 2931 maculam
888 2868 1046 2932 dedecori
1061 2869 1251 2951 pontificali
1266 2870 1420 2934 detersit.

472 2964 553 3029 Hoc
575 2973 728 3042 auctore,
744 2966 809 3029 boc
832 2974 998 3049 tempore,
1013 2967 1068 3030 his
1082 2967 1125 3031 de
1147 2968 1261 3032 causis
1284 2969 1421 3050 incepta

469 3070 523 3127 est
541 3065 687 3128 ecclesia
701 3065 866 3128 moderna
880 3065 1139 3128 Lincolniensis.

616 3235 683 3298 Bac
704 3236 876 3303 Willelmaa
890 3239 950 3303 duo
968 3238 1101 3303 coeoobiu
1109 3221 1275 3324 subducit.

519 3357 623 3421 Anno
638 3358 779 3422 Domini
797 3377 986 3426 thxxvl.
1004 3363 1110 3425 nimia
1126 3382 1299 3445 aquarum·
1318 3363 1419 3426 inuu-

501 3553 599 3612 ¹Quod
623 3559 704 3621 puella
729 3575 788 3608 auro
815 3560 928 3622 onusta]
955 3560 998 3608 the
1009 3560 1156 3620 Domcsday
1164 3573 1266 3618 surrey,
1277 3556 1418 3617 eompleted

464 3625 518 3674 The
535 3641 603 3676 same
619 3628 642 3676 is
657 3629 711 3678 also
728 3629 784 3678 said
801 3630 885 3678 belore
904 3627 933 3677 of
955 3630 981 3677 in
994 3633 1067 3690 1087,
1078 3629 1183 3677 Lincoln
1194 3628 1216 3676 is
1233 3626 1330 3688 spoken
1346 3625 1375 3673 oi
1388 3639 1417 3673 as

465 3694 508 3743 the
528 3697 602 3745 times
623 3696 653 3745 of
671 3698 799 3759 Eadwini,
817 3699 880 3759 king
902 3699 932 3746 ol
954 3713 971 3746 a
982 3699 1042 3759 city,
1059 3699 1103 3745 ‘iu
1114 3711 1166 3757 qua
1181 3710 1248 3745 nuuc
1265 3700 1304 3742 est
1320 3695 1418 3755 episco-

466 3764 661 3825 Northumbria3
684 3767 790 3828 ‘paoem
806 3768 881 3815 talem
901 3768 928 3815 iu
954 3763 1048 3828 patus)
1084 3767 1203 3815 Bromtou
1214 3765 1261 3813 hus
1272 3763 1363 3824 placed
1373 3763 1415 3811 the

465 3833 598 3884 Britannia
606 3837 760 3894 temporibus
767 3836 822 3885 suis
830 3836 928 3896 statuit,
953 3835 1101 3885 translau'on
1112 3836 1138 3882 in
1148 3838 1221 3895 1088,
1232 3834 1282 3882 and
1290 3833 1332 3880 the
1338 3833 1418 3880 Scoti-

465 3905 495 3949 ut
512 3903 602 3951 mulier
620 3908 711 3952 onusta
727 3919 790 3953 auro
806 3919 864 3952 cum
881 3919 927 3964 pu·
953 3905 1087 3953 chronicon
1110 3905 1136 3952 in
1155 3907 1227 3965 1092,
1242 3903 1285 3951 the
1309 3915 1371 3962 year
1391 3899 1421 3948 os

465 3984 508 4019 ero
529 3973 644 4032 parvulo,
666 3974 820 4033 ubicumque
844 3973 928 4042 vellet,
953 3973 995 4022 the
1006 3974 1082 4023 death
1093 3973 1122 4022 oi
1130 3973 1271 4034 Remigius.

464 4039 501 4090 ire
510 4037 745 4102 possetiudemnis;‘
754 4043 826 4091 voli.
834 4059 860 4104 p.
870 4046 926 4092 128.
988 4041 1090 4104 ³Jgnia·
1105 4041 1200 4102 judicio
1215 4039 1305 4101 ferri]
1341 4037 1415 4085 From

498 4105 557 4156 'Ad
578 4110 729 4160 Lincolnium
750 4111 927 4175 tremefactam]
954 4110 1042 4174 Heury
1053 4111 1229 4173 Huntiugdon.
1266 4111 1358 4157 Foran
1375 4121 1418 4154 ac·

464 4173 529 4223 Itis
549 4180 678 4228 uncertain
696 4184 723 4226 at
741 4180 810 4228 what
829 4181 926 4241 precise
952 4187 1029 4230 count
1044 4183 1073 4231 oi
1085 4181 1136 4232 this
1147 4181 1209 4228 kind
1221 4179 1250 4227 oi
1264 4177 1359 4234 ordeal,
1374 4190 1416 4223 see

464 4245 551 4301 period
573 4247 616 4295 the
636 4248 744 4296 removal
767 4249 797 4303 oi
819 4249 862 4305 the
884 4263 926 4302 see
953 4249 1080 4313 Spelman,
1097 4251 1183 4301 Gloss.
1207 4249 1242 4298 ad
1266 4263 1315 4297 voc.
1333 4245 1418 4295 Orda·

464 4310 527 4359 from
538 4314 690 4364 Dorcbester
706 4317 765 4365 took
777 4317 858 4378 place.
895 4318 926 4366 In
949 4318 1009 4370 lius.
