3104 5186
460 570 526 634 102
714 579 849 632 uocum
873 583 921 631 os
944 571 1153 632 wsuoovss

300 761 422 802 unius.
461 761 521 806 eos
554 742 613 825 qui
647 759 756 825 nuper
786 739 998 806 advenerant
1028 759 1133 823 quum
1164 740 1252 804 alios
1282 740 1343 823 qui
1370 739 1415 803 ad

296 811 449 903 diffie
462 857 557 906 mare
579 841 839 917 descenderant,
861 839 1047 928 subsalsa
1066 840 1109 904 ad
1133 846 1249 904 castra
1272 839 1417 903 reduce.

462 947 549 1006 rent.
601 939 794 1004 Audientes
820 945 937 1003 autem
962 937 1185 1016 Antiocheni,
1205 938 1298 1021 quod
1326 957 1419 1021 prae·

463 1040 547 1105 dicti
560 1039 733 1122 principes
753 1038 907 1103 edmero
924 1038 1186 1116 descenderant,
1202 1037 1317 1101 missis
1333 1055 1421 1120 qna-

464 1148 545 1205 tuor
565 1139 718 1202 millibus
740 1137 981 1222 expeditorum
1003 1137 1165 1215 militum,
1186 1135 1257 1200 illis
1279 1135 1419 1203 obviam

465 1243 719 1323 processerunt,
740 1243 781 1301 ut
802 1243 967 1320 parantes
989 1235 1183 1320 peregrinis
1196 1236 1340 1301 insidias
1358 1252 1420 1314 eos
1460 1250 1464 1254 ·

464 1337 658 1402 interficere
680 1336 901 1416 laborarent3
930 1335 1061 1400 iactum
1093 1343 1147 1400 est
1177 1343 1305 1413 autem,
1339 1355 1420 1400 cum

467 1435 579 1520 plebei
609 1435 783 1518 peregrini
824 1453 902 1500 cum
938 1435 1147 1500 victualibus
1182 1441 1218 1499 et
1249 1434 1422 1519 jumentis
1509 1511 1512 1516 Δ

468 1534 602 1600 onustis
618 1535 766 1598 inermes
785 1535 937 1599 redirent
959 1535 1003 1598 ad
1021 1541 1150 1611 castra,
1171 1533 1279 1599 Turei
1300 1535 1344 1597 ab
1366 1534 1423 1597 in-

468 1633 566 1698 sidiis
590 1639 808 1716 erumpentes
837 1633 873 1698 in
896 1634 990 1716 ipsos
1015 1652 1085 1698 non
1112 1634 1265 1716 segniter
1286 1633 1423 1716 irrupe-

468 1737 572 1814 runt;
606 1740 727 1797 contra
758 1751 846 1816 quos
877 1751 954 1797 cum
989 1732 1161 1815 principes
1191 1730 1327 1814 praefati
1360 1732 1423 1795 diu

468 1833 716 1910 decertassent,
750 1830 908 1897 videntes
945 1829 1102 1896 tandem
1120 1833 1287 1914 imparem
1319 1831 1423 1894 nimis

469 1932 666 1997 conflictum
692 1939 814 1996 contra
846 1936 981 1996 tantam
1006 1929 1199 1995 Turdorum
1231 1930 1426 1994 multitudi-

469 2051 561 2109 nem,
577 2030 739 2095 cumillis
755 2031 815 2113 qui
830 2049 890 2094 eos
910 2029 1010 2112 sequi
1031 2036 1193 2112 poterant
1211 2029 1425 2106 recedentes,

470 2131 514 2195 ad
535 2137 652 2194 castra
678 2129 820 2204 deloco
845 2129 1043 2194 certaminis
1069 2127 1264 2207 redierunt;
1290 2128 1426 2192 cecide·

470 2237 552 2294 runt
576 2235 691 2292 autem
716 2228 763 2291 ibi
790 2248 836 2292 ex
866 2229 1075 2311 pauperibus
1101 2228 1291 2310 peregrinis
1321 2228 1426 2310 quasi

471 2329 618 2392 trecenti
631 2325 818 2409 promiscui
831 2346 937 2392 sexus
952 2335 987 2392 et
1002 2325 1128 2391 aetatis.

521 2502 571 2566 Dc
585 2511 687 2586 strupo
707 2501 877 2565 Turcorucu
889 2502 1076 2586 praeducto
1093 2510 1121 2566 et
1128 2501 1241 2587 prelio
1255 2511 1377 2567 culmus

867 2601 1022 2666 inaudito.
1358 2611 1360 2614 ’

356 2795 361 2804 ,
522 2723 631 2788 Venit
647 2724 781 2788 interea
797 2741 915 2788 rumor
929 2724 965 2788 in
980 2732 1108 2802 castra,
1128 2724 1220 2807 quod
1239 2725 1427 2807 peregrini,

363 2805 408 2834 ω’
471 2823 531 2906 qui
548 2824 591 2887 de
608 2823 694 2886 marl
714 2824 938 2902 advenerant,
959 2823 1111 2888 hostium
1134 2823 1170 2887 in
1191 2825 1251 2888 via
1269 2827 1428 2908 perpessi

471 2922 615 2986 insidias
632 2940 750 2987 omnes
767 2923 947 3006 repentino
963 2923 1095 3006 impetu
1110 2923 1339 3005 corruissent3
1363 2925 1427 2988 sed

472 3021 554 3084 dum
579 3021 653 3086 haec
682 3023 772 3086 inter
799 3041 837 3086 se
866 3023 1039 3105 principes
1070 3021 1171 3087 nimis
1202 3022 1428 3088 condolentes

472 3121 702 3199 ruminarent,
723 3138 803 3185 ecce
825 3122 1051 3186 Boamundus
1076 3129 1113 3186 et
1136 3130 1217 3205 post
1243 3121 1427 3205 paululum

474 3235 588 3284 comes
605 3216 826 3286 Tholosunus
843 3221 887 3286 ad
905 3228 1021 3285 castra
1038 3228 1272 3299 revertuntur,
1291 3239 1430 3286 cusum-

474 3339 541 3402 que
556 3322 616 3404 qui
633 3320 806 3385 acciderat
828 3321 1041 3404 principibus
1063 3327 1285 3404 exponentes.
1337 3320 1427 3386 Axi-

462 3438 563 3495 ,anus
588 3421 719 3502 itaque,
738 3418 898 3483 dominus
916 3418 1080 3497 civitatis,
1096 3438 1313 3502 cognoscens
1333 3421 1428 3503 quod

474 3520 529 3583 sui
545 3519 694 3584 victores
711 3525 823 3596 erant,
844 3520 1011 3602 praecepit
1029 3526 1150 3601 portas
1167 3520 1263 3584 urbis
1280 3521 1428 3603 aperire,

474 3625 515 3683 ut
528 3619 622 3683 cives
637 3623 849 3682 revertentes
872 3619 1017 3683 liberum
1038 3617 1204 3683 baberent
1219 3619 1428 3700 ingressum.

453 3750 455 3755 ,
476 3717 543 3780 Sed
569 3717 742 3800 prinsipes
767 3718 888 3794 nostri,
914 3717 1125 3782 confratrum
1145 3719 1349 3801 sanguinem
1372 3719 1428 3782 ul-

475 3815 558 3880 cisci
589 3817 794 3898 cogitantes,
824 3816 868 3879 ad
899 3833 995 3881 arma
1020 3817 1260 3894 convolarunt,
1290 3825 1326 3882 et
1355 3817 1428 3880 dis-

475 3915 599 3998 positis
623 3916 762 3980 aciebus
786 3914 944 3979 hostibus
969 3920 1167 3994 uccurrunt,
1184 3924 1219 3981 et
1234 3915 1338 3982 solita
1352 3916 1430 3998 gla-

476 4015 543 4078 diis
567 4015 804 4079 incumbentes
834 4016 1032 4079 constantia
1057 4013 1096 4079 in¹
1116 4015 1251 4079 'lurcos
1279 4017 1428 4092 irruunt,

478 4115 550 4196 qui,
584 4135 657 4196 pree
686 4115 809 4178 timore
841 4115 1036 4196 agminibus
1068 4115 1259 4193 dissolutis,
1286 4122 1429 4198 pontem

478 4213 630 4277 civitatis
655 4215 814 4278 certatim
832 4214 987 4278 obtinere
1010 4214 1246 4294 contendunt3
1274 4215 1335 4279 sed
1355 4216 1429 4279 dux

480 4309 715 4394 Lotbaringiae
730 4311 950 4391 GodefriduS,
973 4334 1051 4416 cum
1074 4315 1147 4378 suis
1167 4322 1306 4397 pontem
1327 4334 1430 4380 occu-
