3190 5202
393 538 534 586 secans
559 539 829 588 ersroameon.
896 489 904 506 ⁶
1044 524 1087 586 49

131 696 167 759 in
188 715 247 758 ore
270 714 461 773 saccorum,
477 698 537 762 sed
554 698 590 760 in
609 698 719 780 ipsius
742 697 991 780 archiepiscopi
1013 715 1084 760 ma·
1098 713 1220 752 run-1⁰⁹⁴·

132 795 219 859 uicis
241 802 277 859 et
294 794 443 872 clitellis,
460 797 637 878 improbus
659 803 895 879 perscrutator
909 796 1082 879 quaesivit,

133 893 193 958 sed
209 894 391 975 quaesitam
408 915 477 958 non
494 897 627 959 invenit
641 917 650 975 ;
674 895 735 961 sed
750 915 814 959 nec
838 898 887 960 sic
914 895 1082 978 archiepi-

133 1012 258 1074 scopus
281 992 337 1057 vel
357 996 501 1057 verbum
529 994 647 1058 retulit
671 994 924 1070 amaritudinis,
938 994 995 1058 vel
1019 1014 1082 1057 no·

133 1099 205 1156 tam
222 1091 434 1156 confusionis
451 1101 514 1157 aut
528 1093 726 1157 offensionis
751 1093 888 1175 signum
916 1093 1080 1157 ostendit.

135 1191 202 1256 Sed
217 1191 311 1255 illico
327 1210 406 1254 cum
420 1192 699 1274 archiepiscopus
716 1191 985 1268 transfretasset,
995 1194 1082 1273 pub-

132 1291 209 1356 licae
235 1291 420 1372 potestatis
443 1292 658 1374 apparitores
682 1293 798 1356 omnia
821 1292 898 1375 ejus
914 1299 950 1355 et
970 1291 1079 1355 eccle-

134 1391 196 1454 siae
213 1391 305 1452 bona
326 1389 503 1454 fiscalibus
526 1390 713 1454 commodis
738 1390 957 1467 addixerunt,
979 1390 1016 1452 in
1033 1390 1080 1452 ir-

132 1490 238 1553 ritum
258 1496 462 1552 revocantes
481 1489 645 1572 quicquid
663 1490 823 1553 utilitatis
840 1489 895 1554 vel
918 1490 1080 1554 honesta-

134 1589 180 1652 tis
205 1589 241 1649 in
271 1587 417 1652 ecclesia
441 1595 612 1652 statuerat
634 1589 856 1670 archipraesul
878 1587 1078 1653 Anselmus.

132 1686 292 1751 Visitans
320 1705 404 1768 ergo
428 1688 547 1750 limina
577 1687 824 1770 apostolorum,
851 1707 872 1750 a
898 1707 991 1769 papa
1012 1687 1082 1750 Ur·

131 1787 224 1850 bauo
240 1787 393 1849 maximo
409 1806 486 1849 cum
504 1786 632 1851 honore
656 1793 816 1868 receptus
835 1794 889 1850 est
905 1786 1079 1862 Laterani,

132 1905 211 1948 cum
226 1905 295 1967 quo
319 1885 538 1966 postmodum
552 1886 587 1948 in
604 1885 750 1949 Berensi
772 1885 918 1950 concilio
936 1885 1080 1949 Graeco·

133 2005 211 2048 rum
226 2003 248 2047 a
264 1984 332 2047 fide
355 1984 526 2048 catholica
547 1985 787 2048 dissidentium
811 1984 1004 2048 confutavit
1025 2003 1079 2046 er-

130 2103 256 2148 rorem.
310 2082 443 2147 Habito
459 2082 583 2147 deinde
604 2083 751 2147 concilio
767 2083 903 2158 Romae,
919 2084 974 2146 cui
988 2082 1079 2145 idem

132 2202 226 2265 papa
236 2182 399 2265 praesedit
409 2181 771 2259 Urbanus,interfuit;
786 2182 823 2244 in
832 2201 913 2264 quo,
922 2180 1081 2245 Anselmi

133 2282 289 2357 consilio,
325 2281 433 2344 laicos
464 2282 690 2346 investituras
724 2280 944 2344 ecclesiarum
984 2300 1080 2344 more

132 2382 280 2464 pristino
305 2379 531 2456 conserentes,
556 2387 592 2444 et
614 2399 673 2444 eas
695 2399 716 2442 a
738 2380 835 2442 laicis
859 2381 1080 2462 accipientes,

133 2488 170 2544 et
193 2481 310 2544 taliter
333 2487 414 2561 post
441 2480 605 2561 adeptum
628 2479 792 2542 honorem
814 2499 938 2542 munus
960 2499 1080 2543 couse-

131 2580 296 2643 crationis
308 2578 506 2661 impendere
523 2585 781 2660 praesumentes,
799 2597 818 2641 a
844 2579 1081 2642 communione

133 2679 287 2742 fidelium
310 2677 487 2761 synodalis
509 2678 699 2741 auctoritas
721 2677 874 2740 decrevit
900 2685 1079 2741 exsortes:

134 2798 157 2842 a
187 2778 332 2841 concilio
364 2777 470 2857 igitur
502 2776 637 2840 rediens
669 2776 958 2858 archiepiscopus,
988 2775 1081 2858 apud

136 2876 344 2959 Lugdunum
358 2877 597 2957 aequanimiter
612 2876 718 2938 subiit
736 2875 895 2938 exsilium
911 2895 1021 2958 usque
1037 2874 1081 2938 ad

134 2976 239 3040 finem
255 2976 336 3039 vitae
352 2975 444 3055 regis
460 2974 638 3038 Willelmi.

252 3149 301 3211 Da
315 3148 381 3212 cita
396 3157 424 3212 at
437 3157 530 3212 moria
544 3149 645 3212 sandi
666 3149 801 3214 Wistom
815 3150 956 3234 episcopt

187 3269 292 3334 Anno
312 3271 451 3334 Domini
469 3289 583 3336 mch.
599 3273 654 3336 vir
669 3273 752 3336 vitae
766 3275 974 3338 venerahilis
990 3267 1082 3337 ¹W1-
1096 3284 1154 3372 ἐξῆ
1154 3285 1224 3372 3122ss

135 3377 271 3446 stanus,
282 3370 535 3451 wigorniensis
558 3372 752 3453 episcopus,
770 3374 933 3454 migravit
950 3373 992 3436 ad
1010 3373 1083 3437 Do·
1096 3384 1180 3473 {71⁸3ss
1179 3383 1213 3472 pgr
1226 3359 1232 3380 '

102 3503 103 3508 κ
137 3469 280 3545 minum,
308 3470 406 3552 cujus
431 3471 590 3532 nimirum
622 3471 832 3551 religiositas
860 3480 896 3534 et
922 3472 1084 3552 religiosa
1214 3459 1219 3471 ⁸

135 3568 247 3648 exigit
274 3568 453 3645 sanctitas
477 3576 516 3632 ut
533 3568 576 3631 de
592 3569 668 3651 ejus
694 3569 730 3631 in
755 3570 872 3646 seculo
900 3589 1084 3633 conversa·

138 3668 234 3730 tione
254 3666 421 3730 laudabili
437 3668 494 3730 vel
515 3687 629 3750 pauca
651 3667 694 3730 ad
718 3668 905 3748 legentium
934 3668 1083 3732 aedifica·

137 3765 266 3828 tionem
288 3765 366 3829 huic
388 3766 542 3829 historiae
559 3767 762 3830 inseramus.
814 3768 996 3831 Wlstanus
1018 3767 1084 3848 igi·

137 3871 195 3927 tur
209 3864 288 3928 Deo
312 3865 398 3928 satis
414 3866 584 3942 amabilis,
599 3867 635 3928 in
663 3867 841 3947 provincia
856 3866 1084 3930 Warwicensi

138 3962 310 4043 religiosis
335 3964 535 4044 parentibus
560 3964 738 4041 oriundus,
767 3972 866 4046 patre
891 3965 1023 4030 Estano
1050 3973 1086 4032 et

173 4166 181 4198 ¹
198 4170 333 4230 micans,
354 4170 535 4232 Wigorniensis
552 4170 601 4234 epi-
626 4170 668 4218 the
688 4174 807 4219 accounts
823 4171 857 4230 hp
876 4171 966 4221 Ailred
986 4174 1014 4221 oi
1028 4175 1088 4224 Rie-

137 4239 243 4303 acopnt]
260 4239 314 4287 Tha
325 4239 420 4301 history
431 4239 461 4288 of
467 4240 510 4288 the
520 4240 564 4289 lise
576 4240 605 4288 os
625 4239 712 4300 saulx,
730 4239 898 4304 mansuum,
916 4242 968 4291 aad
987 4243 1087 4294 Simeon

140 4309 255 4358 Wulstau
267 4308 313 4356 has
328 4310 393 4358 been
403 4309 528 4372 compiled
538 4309 601 4358 from
625 4309 654 4358 of
662 4309 785 4358 Durham.

191 4399 269 4448 voh.
288 4399 329 4447 11.
919 4403 939 4448 E
