3190 5202
303 755 358 795 Μ).
369 755 424 794 1068.

305 1845 360 1884 Μ).
371 1846 427 1884 1069.

304 1895 383 1944 Βίιὴορ
392 1897 416 1934 oi

304 1945 401 1983 Durham

304 1994 441 2044 imprisoned.

461 569 485 632 6
719 583 853 630 noenru
877 582 923 627 nn
946 581 1151 628 wannovna

463 739 711 823 primogenitus
737 733 950 804 ¹Willelmus
979 736 1094 801 Rufus
1115 745 1151 801 et
1176 735 1351 802 Robertus
1373 737 1409 801 iri

465 839 681 904 Normannia
704 839 777 902 nati
800 838 941 901 fuerunt
966 845 1152 919 antequam
1172 845 1273 918 pater
1289 856 1408 901 eorum

463 938 627 1020 Angliam
653 937 866 1022 subjugaret.
919 936 1049 999 Eodem
1076 955 1167 999 anno
1192 956 1254 999 rex
1272 935 1410 1001 Willel·

463 1057 539 1101 mus
565 1037 719 1101 Roberto
745 1037 863 1100 comiti
882 1035 976 1098 dedit
999 1033 1327 1098 Northa'nhnmbriae
1351 1055 1409 1099 eo·

463 1138 634 1212 mitidum,
651 1138 707 1198 eui
735 1136 853 1198 statim
876 1133 1031 1196 homines
1057 1133 1150 1196 illius
1173 1133 1325 1214 regionis
1348 1134 1411 1196 ad·

463 1243 642 1299 versantes
657 1234 772 1316 ipsum
784 1252 863 1294 eum
879 1233 1063 1313 nongentis
1075 1233 1159 1295 viris
1175 1251 1316 1295 suorum
1333 1253 1412 1314 per·

465 1341 639 1412 emerunt3
672 1332 731 1396 sed
757 1351 820 1394 rex
842 1330 1038 1394 Willelmus
1070 1332 1316 1412 superveniens
1339 1351 1413 1394 om-

466 1452 526 1496 nes
540 1433 643 1516 hujus
659 1432 708 1493 rei
726 1439 860 1494 actores
874 1449 983 1511 usque
997 1430 1040 1491 ad
1057 1449 1164 1492 unum
1181 1429 1320 1494 delevit.

540 1602 712 1688 Egelrieas,
727 1604 941 1670 Diaeelmeaeis
954 1607 1121 1691 episeopus,
1136 1607 1171 1668 in
1186 1627 1337 1670 aaronem

862 1705 1013 1769 traditur.

516 1829 620 1893 Anno
637 1830 777 1894 Domini
792 1847 929 1894 uuxrx.
947 1839 1115 1894 venerunt
1130 1830 1269 1913 quidam
1292 1829 1336 1893 ad
1362 1849 1415 1893 re·

467 1949 545 2010 gem
554 1929 778 2004 Willelmum,
797 1929 1066 1993 Dunelmensem
1081 1931 1280 2012 episcopum
1290 1923 1413 2010 ²Egel-

467 2029 576 2091 ricum
593 2029 635 2091 de
652 2029 726 2112 ejus
744 2029 937 2110 proditione
952 2036 1177 2105 accusantes3
1197 2029 1306 2111 quiin
1317 2029 1412 2104 villa,

467 2147 545 2208 quae
561 2128 718 2209 Burgum
732 2126 869 2204 dicitnr,
887 2146 908 2189 a
926 2129 1017 2209 regis
1037 2129 1202 2192 ministris
1216 2135 1352 2210 captuS,
1369 2127 1413 2190 ad

467 2227 814 2291 Westmonasterium
845 2227 1015 2290 adductus
1053 2235 1117 2303 est,
1149 2228 1212 2289 sub
1248 2226 1413 2290 carcerali

468 2328 627 2390 custodia
652 2324 886 2389 detrudendus
899 2347 908 2403 ;
932 2334 967 2389 et
980 2333 1102 2407 postea
1116 2325 1279 2406 Augusto
1297 2344 1413 2389 mense

468 2425 575 2489 irater
597 2425 672 2507 ejus
697 2424 909 2504 Egelwinus,
933 2424 1087 2508 ejusdem
1109 2425 1177 2487 loci
1201 2423 1313 2488 factus
1341 2425 1414 2507 epi·

440 2550 442 2555 s
469 2543 607 2604 scopus,
634 2522 700 2586 fuit
721 2524 757 2584 in
780 2524 1022 2586 exterminium
1046 2525 1229 2604 relegatus.
1283 2523 1413 2586 Eodem

469 2642 551 2686 vero
579 2631 745 2704 tempore,
771 2623 862 2684 inter
888 2623 956 2686 duo
983 2621 1073 2686 festa
1098 2625 1207 2686 beatae
1227 2622 1350 2685 Mariae
1376 2624 1412 2685 in

469 2729 647 2798 autumno,
667 2729 833 2784 venerunt
856 2721 916 2783 tilii
938 2722 1055 2784 Swani
1072 2733 1106 2785 et
1124 2722 1231 2784 frater
1244 2722 1319 2804 ejus
1345 2721 1412 2784 Os-

468 2821 594 2883 bernus
609 2821 652 2882 de
668 2821 966 2900 regnoDanorum
983 2841 1060 2884 cum
1075 2822 1264 2902 cogenibus
1280 2828 1413 2883 trecen-

469 2919 514 2981 tis
541 2921 576 2980 in
591 2918 767 3000 Angliam,
792 2927 830 2982 ut
852 2939 967 3000 regem
983 2919 1197 2983 Willelmum
1224 2920 1268 2981 ab
1283 2918 1414 3000 Anglia

469 3019 715 3096 exturbarent3
744 3038 888 3099 quorum
915 3020 1085 3082 adventus
1111 3038 1187 3081 eum
1213 3017 1413 3099 divulgatus

469 3115 602 3191 fuisset,
620 3117 779 3179 exierunt
793 3117 861 3179 illis
884 3119 1021 3181 obviam
1038 3117 1219 3197 Eadgarus
1238 3111 1413 3197 Ethelinsg‚

470 3213 561 3277 filius
577 3215 749 3291 Edwardi,
763 3224 798 3279 et
816 3215 1035 3280 Waltheosus
1060 3233 1187 3290 eomes,
1200 3233 1278 3277 cum
1295 3216 1413 3279 multis

470 3314 620 3376 millibus
637 3322 859 3390 armatorum,
875 3315 1054 3395 cupientes
1076 3331 1194 3375 eorum
1214 3315 1345 3378 anxilio
1361 3334 1414 3377 re·

470 3431 548 3492 gem
562 3411 776 3475 Willelmum
796 3432 920 3493 capere
940 3420 975 3474 et
992 3412 1121 3475 carceri
1136 3411 1233 3475 illum
1248 3421 1414 3495 perpetuo

471 3512 677 3592 mancipare.
730 3512 830 3574 Tunc
842 3511 972 3574 foedere
989 3512 1202 3586 confirmato,
1215 3511 1348 3594 junctis
1362 3513 1414 3575 vi-

472 3610 567 3672 ribus
590 3611 634 3672 ad
661 3611 855 3673 Eboracum
877 3611 1064 3687 venientes,
1088 3612 1207 3673 urbem
1235 3629 1314 3672 cum
1339 3630 1415 3674 oas-

473 3709 555 3774 tello
571 3710 777 3790 quantocius
790 3718 1015 3790 occuparunt,
1030 3718 1066 3773 et
1083 3708 1193 3772 multa
1206 3707 1331 3771 ibidem
1354 3710 1414 3772 ho-

473 3808 603 3869 minum
634 3808 742 3870 millia
772 3816 1010 3888 peremerunt3
1042 3809 1164 3871 deinde
1187 3807 1336 3889 majores
1359 3829 1417 3871 nr-

473 3906 525 3968 bis
550 3913 585 3968 et
609 3907 795 3986 provinciae
811 3907 956 3969 vinculis
982 3908 1269 3988 constringentes,
1285 3908 1417 3970 tamdiu

473 4024 531 4069 eos
546 4004 728 4071 crudeliter
741 4006 961 4086 torquebant,
976 4024 1155 4087 quousque
1175 4024 1293 4068 omnes
1308 4006 1418 4068 facul-

506 4203 514 4233 ¹
531 4205 667 4254 Wiilelmas
675 4203 754 4263 Rufus
760 4209 784 4253 et
792 4205 932 4267 liebertus]
993 4201 1176 4267 mgentem]
1194 4205 1318 4265 Compare
1332 4206 1422 4264 above,

469 4275 551 4393 Thesg
574 4289 660 4324 names
682 4274 773 4323 should
798 4276 830 4322 be
852 4279 933 4323 traus-
959 4275 1008 4323 vol.
1020 4275 1037 4324 i.
1049 4289 1075 4334 p.
1087 4277 1144 4322 496.

469 4359 530 4404 pose
551 4379 558 4395 .
