3104 5186
431 554 496 619 138
692 571 826 618 nocsnr
850 569 898 619 nn
920 569 1128 619 wunnovmr

270 743 393 783 err-1⁰⁹⁹.
432 734 627 791 nostrorum
659 727 881 792 infestatione
914 744 1131 809 compescere
1159 725 1383 807 nitebantur;

268 794 420 884 limile..
432 827 492 890 sed
509 846 572 891 nec
589 827 640 890 sic
657 827 805 908 multum
824 827 990 909 proficere
1005 828 1284 909 comprobantur,
1302 846 1385 889 uam

432 926 551 1004 Turci,
577 927 637 1009 qui
661 927 756 990 intus
784 933 895 1002 erant,
922 945 943 990 a
967 926 1238 1009 propugnaculis
1262 945 1385 990 saccos

432 1027 597 1089 stramine
613 1034 649 1090 et
664 1026 766 1108 palea
780 1026 914 1107 plenos,
929 1032 1037 1090 restes
1052 1033 1087 1088 et
1103 1027 1248 1108 tapetia,
1266 1026 1385 1089 trabes

432 1125 603 1208 ingentes,
627 1125 789 1189 culcitras
813 1125 969 1189 bombice
1000 1125 1156 1202 refertas
1181 1143 1203 1188 a
1230 1125 1385 1188 turribus

433 1231 470 1288 et
489 1243 588 1288 muro
604 1224 859 1306 aliquantulum
874 1224 1094 1300 demiserunt,
1115 1232 1165 1300 ut,
1188 1243 1251 1306 per
1264 1243 1384 1286 eorum

434 1322 614 1388 mollitiem
634 1331 668 1387 et
689 1324 928 1399 mobilitatem,
947 1330 1182 1389 contortorum
1202 1322 1384 1386 molarium

435 1424 525 1487 ictus
540 1422 718 1486 eluderent
737 1430 773 1486 et
792 1431 988 1487 nostrorum
1012 1422 1164 1486 laborem
1186 1422 1384 1500 inanirent;

435 1520 569 1604 lapides
594 1523 698 1586 ctiam
727 1541 771 1585 ex
795 1521 964 1586 machinis
987 1521 1172 1585 damnosos
1190 1529 1225 1585 et
1247 1522 1318 1585 tela
1339 1542 1385 1585 ex

436 1622 585 1685 arcubus
618 1641 689 1686 non
721 1623 875 1703 segniter
907 1629 1146 1704 retorquentes
1175 1627 1314 1685 nostros
1342 1623 1386 1685 ab

436 1739 540 1802 opere
567 1720 787 1785 deterrebant
806 1722 965 1804 incept03
991 1722 1119 1784 nostris
1138 1741 1234 1798 vero,
1252 1727 1293 1783 ut
1313 1721 1389 1784 val-

436 1819 508 1882 lum
525 1819 626 1903 jactu
647 1820 821 1898 ruderum,
840 1820 1006 1904 lapidum,
1029 1820 1204 1897 fruticum,
1225 1827 1260 1884 et
1283 1827 1386 1884 terrae

436 1918 630 2001 implerent,
650 1927 686 1984 et
707 1921 752 1983 ad
774 1921 902 1983 moenia
915 1927 1078 2002 pararent
1100 1939 1288 1996 accessum,
1303 1939 1388 1983 cura

437 2025 513 2082 erat
545 2020 772 2102 propensior;
810 2021 871 2083 sed
903 2019 1039 2095 inclusi,
1072 2038 1092 2082 e
1125 2019 1312 2095 contrario,
1347 2027 1387 2082 ut

437 2135 555 2180 eorum
578 2120 795 2202 propositum
819 2119 1007 2195 irritarent,
1029 2118 1066 2181 in
1091 2118 1185 2200 ipsas
1208 2117 1388 2181 machinas

438 2222 550 2281 torres
567 2219 759 2293 *incensos
797 2217 868 2282 tela
904 2218 1017 2300 ignita
1047 2218 1210 2300 sulphure
1243 2225 1280 2280 ct
1308 2218 1387 2281 olco

436 2323 550 2397 pasta,
573 2325 613 2381 ut
636 2336 697 2381 eas
725 2323 922 2394 exurerent,
940 2317 1189 2401 jaculabantur
1216 2317 1386 2381 certatim.

438 2414 618 2498 Principes
647 2425 764 2479 autem
792 2416 914 2494 nostri,
939 2417 1076 2502 injectis
1100 2417 1239 2498 ignibus
1268 2435 1390 2481 occur-

436 2521 564 2592 rentes,
593 2515 753 2579 sabulum
778 2514 925 2599 desuper
949 2525 986 2580 et
1010 2534 1120 2598 aquas
1145 2515 1284 2597 copiose
1308 2516 1389 2580 fun·

439 2612 580 2690 debant,
609 2620 651 2678 ut
683 2614 920 2679 incendiorum
954 2615 1178 2698 reprimerent
1205 2615 1389 2679 actionem.

441 2710 527 2776 Erat
544 2713 682 2795 quidem
697 2715 826 2777 nostris
843 2733 908 2797 par
920 2714 1018 2778 labor
1037 2723 1072 2778 et
1091 2714 1182 2778 idem
1198 2715 1392 2795 periculum

440 2810 476 2872 in
502 2811 611 2875 tribus
639 2814 798 2894 partibus
829 2814 993 2891 civitatis,
1019 2814 1084 2877 sub
1110 2813 1197 2876 duce
1227 2813 1392 2878 videlicet

440 2907 642 2988 Godesrido,
658 2914 724 2976 sub
747 2913 835 2976 duce
858 2911 1137 2976 Normannorum
1161 2913 1330 2989 Roberto,
1348 2932 1393 2976 ac

439 3008 577 3072 demum
616 3012 681 3074 sub
718 3013 843 3076 comite
882 3010 1103 3093 Tholosan03
1138 3012 1394 3076 continuabant

440 3126 577 3190 quoque
599 3110 797 3175 conflictum
820 3130 844 3174 a
868 3129 969 3174 mane
989 3131 1098 3194 usque
1123 3111 1168 3174 ad
1196 3129 1394 3192 vesperam,

441 3212 547 3288 atque
569 3210 751 3291 ancipitem
778 3211 959 3292 utriusque
974 3211 1085 3293 partis
1098 3210 1252 3274 laborem
1268 3229 1394 3292 super-

440 3305 581 3371 veniens
597 3328 668 3372 nox
683 3309 874 3390 dirempsit.

561 3481 611 3544 Do
625 3480 713 3544 tertio
731 3479 846 3568 impetu
853 3482 1092 3567 peregrinorum
1109 3493 1137 3548 et
1151 3483 1291 3570 captione

842 3582 992 3647 ciuitatis.

492 3701 531 3764 M
534 3720 599 3764 ane
627 3712 742 3768 autem
771 3703 877 3781 sacto,
902 3723 980 3768 cum
1003 3705 1078 3788 J'em
1109 3704 1176 3768 diei
1204 3704 1396 3786 aspirantis

441 3819 567 3864 aurora
594 3803 772 3866 nuntiaret
800 3812 973 3881 exortum,
1005 3803 1199 3867 cumomni
1224 3803 1395 3868 aviditate

441 3900 577 3966 excitus
597 3908 651 3964 est
671 3902 821 3984 populus
842 3904 886 3966 ad
908 3903 1119 3979 conflictum,
1137 3904 1395 3967 revertentibus

443 3999 487 4061 ad
502 3997 649 4063 officinm
668 4001 828 4082 singulis,
850 4004 906 4066 cui
931 4003 1094 4066 besterna
1120 4002 1174 4066 die
1196 4002 1311 4065 suerat
1333 4001 1396 4064 de-

440 4104 625 4180 putatum3
658 4101 800 4183 quidam
821 4102 912 4165 enim
937 4123 982 4166 ex
1004 4101 1173 4166 machinis
1194 4100 1305 4164 molas
1324 4103 1399 4164 asi-

440 4198 557 4260 narias
574 4199 618 4261 ad
639 4201 768 4263 moenia
783 4203 1070 4284 contorquebant,
1087 4200 1227 4284 quidam
1245 4201 1396 4265 castella

440 4296 484 4358 ad
506 4317 642 4361 murum
666 4300 815 4380 dirigere
848 4303 1068 4383 satagebant,
1094 4301 1154 4364 alii
1180 4300 1329 4364 arcubus
1356 4309 1397 4364 et
