3144 5180
465 547 532 612 338
726 563 858 614 uocum
883 567 930 614 ou
953 567 1160 616 wuunovra

307 747 431 789 smum
468 723 593 788 mentis
622 724 750 805 peterit
779 725 973 806 exprimere
1001 726 1193 808 passiones,
1222 724 1323 809 cujus
1352 743 1419 806 pa·

469 831 522 888 ter
539 829 574 887 et
596 829 719 900 mater,
734 821 862 890 fratres
880 831 917 888 et
939 844 1087 902 sorores,
1110 831 1255 908 nepotes
1275 832 1311 888 et
1332 843 1418 906 nep·

470 931 534 998 tes,
558 921 673 985 clerici
702 927 737 986 et
761 923 908 987 ministri
932 945 995 1007 pro
1026 941 1067 988 eo
1094 931 1177 988 sunt
1208 925 1245 987 in
1271 924 1415 988 exilium

470 1019 574 1104 pulsi,
600 1028 635 1085 et
657 1021 744 1104 ipse,
766 1023 826 1104 qui
847 1031 918 1087 tam
940 1023 1130 1088 reverenda
1151 1030 1226 1087 erat
1246 1024 1282 1086 in
1305 1023 1419 1087 eccle-

471 1121 525 1185 sia
553 1120 620 1185 D'ei
650 1137 808 1202 persona,
832 1141 956 1203 panem
985 1137 1086 1186 sunm
1116 1123 1151 1185 in
1183 1130 1278 1186 terra
1303 1123 1419 1186 aliena

472 1236 550 1284 cum
570 1218 688 1284 dolore
708 1221 905 1302 compulsus
924 1228 978 1286 est
999 1221 1220 1286 mendicaret
1260 1221 1328 1285 Sed
1347 1221 1421 1284 for-

472 1325 578 1395 tasse,
601 1319 683 1402 quia
704 1337 804 1384 nemo
828 1328 969 1403 repente
996 1321 1035 1385 fit
1059 1335 1224 1399 summus,
1246 1321 1320 1384 haec
1340 1321 1420 1403 ejus

471 1418 611 1482 suerunt
629 1425 803 1483 tormenta
822 1421 1069 1501 praecurrentia
1091 1419 1135 1484 ad
1153 1419 1246 1485 illius
1264 1420 1421 1484 animum

472 1516 689 1580 solidandum
724 1525 760 1582 et
792 1515 1013 1600 perferendas
1043 1520 1199 1604 injurias,
1238 1537 1421 1601 quousque

471 1617 602 1680 strictis
625 1617 764 1681 ensibus
789 1618 833 1681 ad
863 1619 1020 1702 martyrii
1048 1617 1195 1700 gloriam
1221 1619 1422 1700 pertingere

471 1723 671 1792 mereretur,
689 1715 746 1779 cui
766 1711 919 1781 nondum
942 1725 1057 1784 certus
1079 1718 1192 1782 fuerat
1213 1718 1311 1782 locus
1329 1735 1425 1780 mar-

471 1814 553 1897 tyrii
575 1814 773 1898 deputatus.

537 1983 657 2051 Formo
665 1987 839 2071 petitionis,
854 2007 947 2071 quum
965 1986 1105 2062 Thomas,
1125 1985 1360 2050 coerceamus

661 2085 917 2171 archiepiscopus,
934 2107 955 2147 u
970 2107 1036 2170 repa
1045 2084 1227 2169 postulauit.

309 2219 447 2313 metui&
540 2211 671 2276 Eodem
701 2229 805 2287 anno,
836 2207 927 2272 infra
957 2215 1100 2273 octavas
1132 2207 1226 2271 beati
1260 2205 1421 2282 Martini,

310 2322 450 2362 concitatio·
472 2318 679 2393 procurante
700 2329 834 2374 summo
852 2307 1026 2390 pontifice,
1043 2301 1216 2370 ¹habitum
1237 2312 1290 2368 est
1310 2305 1421 2367 collo-

473 2410 592 2493 quium
612 2428 719 2492 prope
741 2407 897 2473 Parisius
914 2407 1006 2470 inter
1028 2425 1126 2488 reges
1150 2406 1363 2469 Francorum
1382 2411 1420 2468 et

472 2507 679 2590 Anglorum,
695 2508 755 2571 ubi
772 2523 926 2589 praesens
943 2505 1010 2570 suit
1030 2502 1307 2587 archiepiscopus
1326 2502 1419 2566 Cun-

472 2608 668 2684 tuariensis,
683 2607 744 2670 sed
761 2626 799 2671 se
818 2605 1019 2688 conspectui
1033 2606 1125 2688 regis
1141 2602 1335 2685 Anglorum
1353 2603 1419 2666 mi-

472 2706 563 2770 nime
577 2707 824 2788 praesentavit3
848 2706 906 2769 ubi
921 2724 999 2768 cum
1017 2704 1075 2767 diu
1092 2709 1280 2768 tractatum
1295 2703 1420 2767 fuisset

472 2805 515 2869 de
529 2822 615 2886 pace
631 2804 850 2869 reformanda
865 2805 958 2868 inter
973 2823 1088 2885 regem
1100 2803 1296 2884 Anglorum
1311 2809 1347 2866 et
1364 2821 1420 2865 ar-

471 2904 727 2986 chiepiscopum
750 2903 1047 2980 Cantuariensem‚
1069 2902 1160 2965 idem
1188 2901 1419 2984 archiepisco-

471 3020 548 3086 pus,
567 3017 629 3086 per
648 3003 829 3068 consilium
843 3003 936 3085 regis
955 3001 1166 3066 Francorum
1185 3010 1220 3066 et
1239 3001 1419 3084 episcopo-

471 3120 547 3166 rum
565 3110 601 3166 et
617 3120 797 3186 procerum
814 3101 875 3185 qui
889 3097 1083 3178 adfuerant,
1099 3101 1298 3184 petitionem
1317 3121 1416 3166 suam

470 3201 507 3266 in
527 3203 692 3267 schedula
712 3203 889 3267 redactam
908 3203 982 3283 regi
1006 3199 1199 3282 Anglorum
1225 3202 1419 3264 transmisit

470 3299 544 3366 haec
559 3304 667 3367 verba
683 3303 916 3376 continentem
930 3321 938 3380 ;
962 3300 1065 3364 ‘Hoc
1078 3301 1226 3382 petimus
1241 3319 1263 3363 a
1278 3301 1417 3364 domino

470 3409 589 3466 nostro
614 3417 707 3484 rege,
728 3397 835 3484 juxta
861 3399 1043 3464 consilium
1071 3407 1106 3463 et
1130 3401 1330 3464 mandatum
1353 3400 1416 3462 do-

469 3503 553 3565 mini
576 3521 690 3584 papae,
711 3507 893 3582 quatenus,
914 3516 979 3582 pro
1003 3516 1120 3562 amore
1142 3499 1209 3563 Dei
1229 3504 1264 3563 et
1286 3498 1415 3562 domini

468 3613 569 3682 papae
596 3606 631 3664 et
656 3600 786 3664 honore
809 3605 939 3663 sanctae
966 3597 1121 3662 ecclesiae
1147 3605 1182 3662 et
1207 3597 1319 3662 salute
1347 3615 1414 3661 sua

468 3707 503 3764 et
533 3699 707 3763 haeredum
740 3715 892 3775 suorum,
924 3696 1068 3780 recipiat
1098 3716 1162 3760 nos
1194 3696 1232 3759 in
1265 3697 1415 3778 gratiam

467 3809 578 3876 suam,
598 3804 633 3861 et
650 3795 817 3862 concedat
835 3799 934 3861 nobis
953 3804 989 3861 et
1009 3794 1179 3873 omnibus,
1196 3797 1256 3879 qui
1272 3815 1336 3878 pro
1351 3815 1415 3859 no-

465 3897 578 3961 biset
602 3898 780 3962 nobiscum
807 3897 967 3960 exierunt
994 3895 1036 3959 de
1060 3911 1169 3977 regno
1190 3914 1267 3972 suo,
1293 3914 1414 3977 pacem

465 4004 502 4062 et
522 3997 660 4081 plenam
686 3995 907 4061 securitatem
933 3996 975 4060 de
1003 4014 1041 4058 se
1066 4001 1102 4058 et
1126 3995 1198 4058 suis
1221 3995 1294 4057 sine
1321 3995 1416 4059 malo

483 4207 486 4216 '
497 4201 504 4232 ¹
515 4199 636 4248 Habitum
647 4203 684 4248 est
693 4193 857 4266 colloquium]
875 4197 922 4246 Di·
948 4198 989 4246 the
1001 4199 1111 4260 meeting
1122 4197 1216 4260 which,
1233 4198 1369 4260 according
1386 4205 1413 4248 to

460 4272 526 4328 ceto,
547 4269 596 4316 col.
617 4273 675 4318 65⁰.
712 4268 836 4330 Compare
854 4268 922 4317 Pitu-
948 4267 1071 4330 Gcrvase,
1086 4281 1141 4316 was
1155 4263 1215 4316 held
1233 4272 1260 4316 at
1274 4268 1416 4318 Montmar‹

460 4336 581 4399 Stephen,
591 4341 665 4398 ptis.
692 4337 755 4386 This
766 4338 789 4386 is
799 4337 922 4399 probably
946 4341 1000 4398 tre;
1020 4338 1068 4387 col.
1084 4341 1156 4386 1408.
