3144 5180
457 515 523 582 32⁰
715 534 851 581 uocum
875 535 922 582 nn
944 535 1151 586 wnsnovnn

298 701 421 791 ppt-ff·
459 689 622 754 ecclesias
645 696 779 764 vestras
802 689 987 771 quicquam
1010 689 1205 753 inordinate
1228 689 1410 754 fecerimus

297 801 418 891 ἓξὲξ.
459 789 513 852 vel
531 789 657 852 facturi
674 807 815 866 sumus;
839 789 931 852 unde
948 788 1170 851 credebamus
1192 788 1329 853 anobis
1344 807 1409 869 pro

420 877 427 890 '
457 888 564 969 longa
585 888 756 970 patientia
780 888 893 968 magis
916 887 1041 951 debers
1067 887 1213 968 culpari,
1239 904 1342 967 quam
1365 887 1409 950 de

458 987 655 1051 severitatis
683 987 799 1068 rigore
823 985 1054 1050 condemnari.
1108 985 1195 1050 Inde
1220 991 1284 1059 est,
1315 986 1409 1066 quod

457 1086 609 1150 breviter
622 1085 721 1149 vobis
741 1084 887 1148 dicimus
906 1090 942 1148 et
964 1090 1165 1148 constanter
1187 1082 1409 1160 affirmamus

457 1183 633 1248 dominum
655 1189 812 1247 nostrum
833 1203 948 1264 rogem
964 1182 1163 1248 nullatenus
1182 1182 1313 1265 injuste
1333 1182 1409 1248 fore

458 1289 654 1364 gravatum,-
683 1283 713 1346 si
739 1282 904 1345 adversus
928 1300 1008 1345 eum
1035 1301 1058 1345 a
1082 1281 1220 1346 domino
1248 1294 1340 1362 papa
1371 1289 1411 1345 et

458 1400 481 1445 a
513 1382 612 1446 nobis
633 1380 834 1463 ‘saepissime
867 1399 909 1445 ac
940 1381 1094 1462 legitime
1128 1387 1334 1445 conventum
1371 1388 1411 1444 et

458 1480 658 1544 satisfacere
684 1479 861 1544 nolentem
879 1480 1087 1562 processerit
1106 1479 1303 1543 severitatis
1325 1498 1408 1542 cen-

458 1577 564 1642 sura?
615 1578 660 1641 In
692 1577 820 1641 eisdem
846 1597 931 1642 sane
961 1578 1072 1642 literis
1095 1578 1288 1655 Gileberto,
1315 1577 1411 1642 Lon-

458 1675 615 1741 doniensi
633 1677 814 1758 episcopo,
827 1677 864 1739 in
882 1677 1010 1741 virtute
1025 1676 1228 1743 obedientiae
1242 1677 1410 1758 praecepit

456 1775 749 1858 archiepiscopus,
764 1781 950 1856 quatenus,
970 1775 1062 1838 infra
1083 1775 1156 1839 dies
1176 1774 1410 1857 quadraginta

456 1881 537 1955 post
551 1874 730 1937 literarum
747 1875 1013 1956 susceptionem,
1025 1874 1068 1937 de
1077 1874 1232 1938 ecclesiis
1244 1893 1285 1938 ac
1298 1874 1407 1937 bene-

458 1972 545 2036 ficiis
561 1973 762 2037 clericorum
777 1972 865 2056 ejus,
880 1973 941 2056 qui
962 1991 1040 2036 cum
1062 1992 1103 2036 eo
1122 1982 1159 2036 et
1181 1992 1244 2054 pro
1269 1992 1309 2036 eo
1325 1993 1409 2053 pro-

458 2071 578 2154 scripti
593 2072 732 2136 fuerunt
746 2091 768 2135 a
789 2091 908 2153 regno,
922 2078 958 2135 et
981 2081 1060 2154 quae
1082 2070 1118 2134 in
1141 2071 1299 2136 custodia
1312 2071 1408 2153 ejus-

457 2170 536 2235 dem'
550 2171 702 2253 episcopi
716 2178 799 2234 sunt
814 2177 876 2252 per
896 2171 1098 2240 mandatum
1122 2171 1226 2252 regis,
1244 2169 1410 2252 quicquid

457 2269 537 2334 inde
560 2269 725 2351 percepit,
743 2269 799 2333 vel
821 2269 858 2332 in
881 2287 966 2332 usus
991 2268 1145 2334 ecclesiae
1165 2288 1239 2332 suae
1261 2288 1410 2333 conver-

456 2385 535 2430 sum
549 2376 614 2446 est,
640 2375 772 2432 remota
791 2367 884 2432 omni
904 2368 1087 2432 occasione
1107 2374 1143 2432 et
1162 2367 1339 2444 diletione,
1354 2368 1411 2430 in-

457 2465 511 2530 fra
532 2473 670 2549 tempus
694 2465 982 2548 praenominatum
1008 2466 1044 2529 in
1070 2466 1243 2548 integrum
1265 2466 1330 2529 sibi
1353 2486 1410 2530 re-

456 2565 600 2628 stituere
634 2584 703 2629 non
731 2566 879 2629 omittat.
942 2565 1136 2646 Episcopus
1167 2572 1295 2641 autem,
1328 2584 1409 2628 cum

458 2660 655 2746 hujusmodi
692 2663 812 2726 literas
851 2649 1084 2746 suscepisset,
1111 2665 1185 2746 regi
1214 2662 1409 2745 Anglorum

456 2761 596 2842 scripsit
611 2761 675 2824 sub
692 2760 757 2825 hec
773 2762 907 2841 forma;

499 2934 613 2998 nom
627 2937 761 3021 pompa
772 2887 994 3002 numano
1010 2937 1055 3000 aa
1070 2957 1166 3021 roffam
1176 2937 1358 3001 nauum.

191 3073 193 3078 ·
295 3088 423 3138 mmmm,
506 3051 690 3121 ‘Placuit¹
720 3060 937 3124 excellentiae
962 3067 1100 3136 vestrae,
1130 3059 1222 3142 quod
1249 3061 1407 3125 ecclesiae

293 3139 444 3237 ‘r'ifflm
456 3155 656 3220 clericorum
672 3157 933 3240 archiepiscopi,
950 3178 1029 3240 quae
1043 3160 1079 3221 in
1093 3159 1295 3241 episcopatu
1313 3159 1410 3224 Lon·

456 3254 610 3318 doniensi
639 3256 713 3321 sive
746 3257 782 3319 in
811 3255 939 3320 Cantia
963 3258 1170 3332 consistunt,
1192 3260 1258 3322 sub
1284 3266 1407 3322 nostra

455 3360 572 3417 essent
587 3354 745 3418 custodia
758 3356 977 3434 constitutae3
1001 3355 1094 3438 quod
1111 3375 1200 3420 onus
1218 3376 1281 3419 nos
1297 3376 1408 3434 mera,

456 3452 553 3516 Deus
596 3453 673 3530 soit,
707 3454 853 3518 caritate
890 3455 1117 3536 suscepimus,
1155 3462 1206 3530 ut,
1246 3456 1276 3517 si
1315 3454 1408 3519 forte

454 3551 592 3615 eosdem
616 3552 759 3616 clericos
780 3552 995 3633 contingeret
1020 3554 1064 3617 ad
1087 3555 1236 3634 gratiam
1253 3560 1409 3617 vestram

448 3649 579 3726 redire,
603 3650 781 3713 indemnes
803 3651 853 3714 eis
875 3669 1169 3715 conservaremus.
1222 3649 1408 3732 Archiepi-

454 3767 580 3830 scopus
607 3757 722 3812 autem
744 3750 780 3812 in
802 3749 936 3813 insidiis
958 3750 1080 3814 sedens
1103 3750 1271 3814 adversus
1290 3769 1407 3816 meam

454 3845 650 3928 specialiter
676 3867 857 3929 personam
879 3849 1076 3912 occasiones
1100 3850 1239 3930 quaerit,
1267 3856 1301 3912 et
1323 3849 1407 3912 inde

453 3946 605 4008 maxime
621 3944 705 4008 mihi
727 3966 850 4012 nocere
873 3948 1006 4024 nititur,
1024 3947 1116 4011 unde
1139 3949 1217 4012 aliis
1240 3948 1408 4030 prodesse

452 4044 659 4122 studebam3
688 4045 757 4125 qui,
776 4045 915 4108 directis
938 4047 1062 4122 literiS,
1088 4048 1124 4108 in
1139 4047 1269 4110 virtute
1286 4047 1409 4109 obedi·
1452 4115 1454 4120 ,

523 4263 664 4330 ¹Plueuit.]
682 4267 814 4329 Abridged
827 4266 889 4316 from
901 4267 943 4316 the
956 4267 1081 4329 origina13
1098 4268 1143 4318 lib.
1155 4269 1173 4318 i.
1185 4282 1226 4329 ep.
1238 4269 1327 4319 cxxiii.
