3178 5194
449 556 588 606 rnonns
613 556 883 607 ursronrnnun.
1077 540 1144 604 415

179 717 371 782 obedirent
395 714 548 780 omnium
585 714 740 797 gentium
772 714 944 792 nationes,
973 715 1141 798 adjiciens
1155 735 1278 776 annia.

180 836 275 898 ergo
309 823 350 880 ut
377 815 574 880 universam
600 814 666 878 sibi
694 814 992 879 christianitatem
1022 815 1142 898 subju·

183 924 306 997 garet,
335 916 488 979 intrante
510 914 533 978 J
537 915 607 978 ulio
635 931 764 990 mense,
796 914 819 978 J
823 914 987 978 ordanem
1015 916 1141 979 transi-

184 1017 258 1092 vit,
278 1022 406 1079 terram
436 1015 527 1078 circa
553 1021 705 1078 castrum
730 1013 855 1090 Grach,
880 1014 973 1097 quod
996 1015 1143 1096 antiqua

186 1115 429 1197 appellatione
447 1113 576 1178 ‘Petra
597 1113 745 1177 deserti'
765 1113 956 1190 dicebatur,
979 1113 1141 1178 devasta-

187 1215 259 1290 vit,
275 1214 406 1277 cibaria
421 1213 572 1296 collegit.
615 1212 750 1277 Deinde
767 1213 953 1295 Neapolim
970 1214 1142 1278 transiens

189 1313 315 1378 villam
347 1312 513 1395 spoliavit
546 1319 580 1377 et
610 1318 735 1395 postea
764 1313 1020 1391 concremavit3
1060 1312 1142 1377 inde

189 1411 419 1496 progrediens
447 1412 492 1475 ad
513 1413 633 1476 urbem
655 1411 868 1476 Sebastaeam
888 1413 1059 1494 pervenit,
1082 1413 1142 1475 ubi

189 1513 377 1594 episcopus
400 1511 552 1576 civitatis
567 1511 684 1576 villam
707 1518 743 1576 et
759 1511 937 1575 ecclesiam
960 1531 1060 1576 suam
1082 1531 1141 1576 oc-

191 1612 334 1693 toginta
355 1611 503 1694 captivis
526 1611 689 1689 redemit3
717 1610 797 1675 inde
813 1609 980 1675 Arabiam
999 1612 1141 1676 veniens

192 1730 271 1775 eam
287 1710 470 1787 destruxit,
489 1711 571 1775 viris
585 1717 621 1774 et
635 1710 835 1774 mulieribus
852 1710 1051 1793 captivatis.
1083 1709 1143 1774 Ad

190 1829 357 1892 magnum
375 1809 454 1873 inde
470 1808 637 1875 Gerinum
656 1810 828 1874 transiens
852 1817 1003 1874 castrum
1026 1811 1142 1888 diruit,

195 1916 245 1986 et,
270 1909 475 1993 quibusdam
503 1909 701 1992 captivatis,
725 1909 886 1972 mulieres
914 1916 950 1973 et
978 1910 1143 1992 parvulos

193 2008 389 2088 interfecit;
420 2009 500 2072 inde
528 2008 572 2072 ad
596 2027 741 2091 parvum
764 2005 943 2085 Gerinum,
966 2027 1045 2089 quae
1060 2008 1145 2072 villa

195 2115 251 2173 est
279 2109 409 2191 templi,
437 2128 513 2172 eam
539 2108 703 2185 vastavit,
729 2113 765 2170 et
792 2106 955 2170 recedens
978 2127 1041 2189 per
1066 2125 1143 2170 cas·

193 2215 287 2272 trum
309 2208 481 2291 quoddam
506 2208 689 2291 hospitale,
713 2206 807 2289 quod
834 2205 1031 2270 Belverium
1059 2206 1144 2269 dici-

195 2314 266 2384 tur,
289 2308 495 2390 quibusdam
519 2309 631 2391 captis
658 2314 693 2372 et
710 2305 918 2390 quibusdam
939 2305 1143 2382 interfectis,

195 2408 350 2473 recessit.

198 2581 286 2662 Quod
298 2581 536 2669 resticulorum
545 2581 673 2668 elicitur
687 2581 722 2646 in
737 2600 835 2666 rapum
846 2578 1145 2664 Hierosolymam.

247 2707 390 2773 Mortuo
405 2709 538 2772 interea
553 2706 768 2783 Baldewino,
786 2724 869 2787 rege
885 2705 1144 2788 Hierosolyma·
1157 2732 1259 2772 nestros

196 2827 273 2872 rum
294 2808 444 2890 leproso,
469 2807 631 2890 regnavit
651 2827 715 2889 pro
737 2826 779 2870 eo
802 2805 1036 2882 Baldewinus,
1059 2824 1146 2887 puer
1156 2783 1252 2823 ¹³²¹⁰¹¹¹¹¹¹
1263 2782 1300 2822 Ν·

197 2906 350 2985 quinque
375 2925 555 2984 annorum,
574 2926 681 2989 nepos
704 2906 781 2989 ejus
804 2925 849 2969 ex
872 2925 990 2970 sorore
1012 2905 1147 2988 Sybilla

197 3007 233 3064 et
247 3000 434 3078 Willelmo,
450 3005 646 3069 marchione
661 3005 962 3082 Montis-Ferrati,
982 3006 1120 3087 genitus
1135 3025 1144 3085 ;

198 3099 259 3182 qui
278 3098 396 3161 statim
411 3099 447 3161 in
468 3119 583 3180 regem
603 3111 787 3167 coronatus
804 3103 1013 3179 Reimundo,
1028 3104 1146 3168 comiti

135 3251 141 3260 .
198 3197 429 3281 Tripolitana,
456 3199 683 3263 committitur
712 3201 926 3265 nutriendus.
977 3201 1145 3266 Videntes

198 3299 307 3381 igitur
330 3297 442 3361 clerus
468 3304 504 3361 et
527 3298 675 3380 populus
702 3319 846 3380 regnum
870 3299 906 3363 in
934 3319 1011 3363 eum
1042 3300 1145 3364 deve-

198 3399 292 3462 nisse
316 3404 459 3474 statum,
484 3397 521 3461 in
551 3416 653 3478 quem
680 3416 752 3461 non
781 3407 899 3481 posset
929 3399 988 3462 diu
1013 3399 1145 3463 subsis-

199 3505 281 3575 tere,
302 3497 385 3579 quid
405 3497 498 3562 facto
518 3515 605 3579 opus
630 3498 687 3574 sit,
704 3497 888 3578 diligenter
909 3505 1144 3580 pertractant;

199 3603 236 3660 et
260 3617 337 3661 cum
358 3616 431 3680 pax
450 3596 627 3661 Salaadiui
648 3597 833 3661 haberetur
853 3605 1026 3680 suspecta,
1046 3606 1082 3663 et
1102 3599 1146 3663 de

198 3715 279 3778 rege
312 3716 420 3778 puero
454 3696 540 3760 nihil
576 3697 717 3761 remedii
751 3697 968 3778 sperabatur,
1004 3697 1146 3762 tandem

199 3815 304 3859 unum
327 3803 403 3860 erat
424 3797 581 3860 omnibus
605 3795 797 3874 consilium,
819 3803 860 3860 ut
885 3796 928 3860 ad
954 3797 1147 3862 Henricum

199 3915 315 3977 regem
342 3893 537 3977 Anglorum
566 3897 701 3978 legatos
727 3897 916 3974 mitterent,
951 3899 1011 3980 qui
1042 3899 1075 3960 ei
1101 3917 1147 3962 ex

198 4001 297 4077 parte
311 3995 548 4060 universitatis
564 3997 662 4077 regni
679 3995 988 4078 Hierosolymitani
1004 4016 1147 4078 regnum

199 4100 234 4158 et
259 4094 375 4158 claves
406 4103 537 4160 sanctae
560 4095 713 4161 civitatis
743 4103 778 4159 et
811 4095 984 4180 sepulchri
1005 4096 1148 4160 Domini

197 4201 396 4278 sanctoeque
412 4196 671 4260 resurrectionis
693 4195 892 4260 solemniter
913 4196 1148 4279 deportarent.
