3104 5186
441 510 506 576 112
700 522 834 571 nocant
859 522 906 569 nn
930 501 1138 569 wunnovnn

282 707 404 747 anons.
441 684 563 748 videns
589 681 752 762 Rogerus
783 677 826 742 da
851 675 1063 753 Barnevilla,
1090 675 1189 740 miles
1216 677 1252 739 in
1284 680 1390 742 armis

281 757 430 847 ἷζῗοωᾶἷιῖιῖιι
443 790 605 848 strenuus
637 780 679 842 de
712 784 816 861 gente
847 777 992 841 Roberti
1022 775 1120 839 ducis
1150 775 1389 856 Normannici,

443 881 639 967 quindecim
661 878 808 960 sumptis
830 876 1060 952 consortibus,
1076 875 1111 937 in
1134 875 1321 956 praedictos
1342 878 1389 940 ir·
1415 870 1419 877 ’

443 982 514 1046 ruit
529 979 737 1057 animosius;
760 974 819 1039 sad
839 976 920 1038 dum
941 975 991 1038 illi
1008 974 1128 1038 dolose
1141 974 1313 1056 fugientes
1332 996 1391 1040 us·

443 1100 511 1165 que
537 1079 582 1142 ad
604 1077 729 1153 socios,
746 1093 832 1158 quos
855 1074 1029 1138 habebant
1045 1075 1082 1138 in
1103 1072 1238 1138 insidiis
1260 1077 1390 1140 cousti-

442 1187 549 1255 tntos,
572 1178 655 1241 dum
677 1175 839 1255 Rogerns
862 1172 941 1237 illos
968 1173 1217 1256 insequeretur,
1245 1193 1388 1239 consur-

444 1278 606 1360 gentibus
622 1274 712 1351 aliis,
730 1273 790 1356 qui
808 1272 941 1336 insidiis
955 1273 1121 1349 latebant,
1140 1280 1175 1336 et
1194 1273 1231 1335 in
1251 1282 1392 1339 nostros

444 1377 604 1441 ardenter
619 1373 840 1449 irruentibus,
861 1391 922 1436 eos
944 1373 1184 1454 compulerunt
1205 1372 1241 1434 in
1259 1373 1390 1454 fugam.

446 1475 569 1540 Nostri
591 1491 729 1556 quoque
751 1490 894 1535 numero
917 1471 1067 1552 impares
1086 1478 1121 1534 et
1143 1470 1286 1549 viribus,
1310 1472 1393 1536 dum

445 1574 488 1637 ad
505 1574 624 1637 urbem
640 1572 760 1653 fugere
773 1569 1043 1646 contendissent,
1057 1589 1222 1652 equorum
1239 1570 1393 1635 bostium

444 1673 630 1738 velocitate
659 1671 828 1753 praeventi
855 1676 949 1746 suut,
981 1669 1041 1732 ubi
1073 1669 1234 1750 Rogatus
1263 1672 1396 1752 sagitta

444 1770 625 1835 confossus
639 1768 782 1846 interiit,
798 1767 933 1833 caeteris
949 1768 985 1830 in
1002 1769 1122 1831 urbem
1147 1761 1330 1849 ¹reversis3
1355 1778 1396 1834 at

444 1870 585 1954 pagani,
595 1869 663 1934 viri
677 1868 909 1933 memorabilis
923 1867 1038 1950 eapite
1052 1874 1245 1950 amputato,
1254 1868 1298 1932 ad
1309 1888 1394 1934 suos

444 1976 614 2035 venerunt
630 1967 818 2033 indemnes.

479 2167 529 2231 De
543 2187 623 2232 mon
637 2163 790 2230 obsidione
802 2164 995 2229 Antiocheno
1009 2185 1031 2228 n
1047 2165 1357 2252 Corburnmoscctc.

287 2327 386 2372 rongi
495 2293 564 2358 Die
586 2299 702 2357 autem
724 2291 827 2355 tertio
849 2310 895 2354 ex
912 2310 980 2374 quo
1003 2299 1107 2374 capta
1125 2299 1178 2356 est
1193 2291 1396 2372 Antiochia,

284 2371 434 2465 bilibit
446 2390 701 2467 corberannus,
713 2390 873 2472 princeps
886 2388 1083 2468 Persarum,
1095 2411 1172 2454 cum
1188 2392 1396 2457 militaribus

286 2475 388 2515 ΔΝΜ·
434 2484 568 2573 ‘copiis2
578 2477 722 2552 infinitis
740 2496 820 2553 ante
837 2490 957 2552 urbem
972 2497 1282 2569 castrametatus,a
1293 2500 1398 2575 porta

448 2589 607 2654 orientali
628 2607 738 2670 usque
761 2588 805 2651 ad
823 2587 1071 2652 occidentalem
1089 2591 1288 2655 universum
1312 2611 1398 2666 aus,-

447 2689 535 2753 trale
565 2690 659 2753 latus
685 2677 863 2751 obsidione
889 2687 1045 2753 vallavit.
1097 2689 1184 2753 Erat
1206 2697 1322 2754 autem
1342 2711 1400 2754 se·

448 2809 509 2852 cus
525 2795 661 2871 portam
678 2786 879 2851 orientalem
897 2787 1095 2868 praesidium
1105 2789 1291 2873 quoddam,
1302 2791 1398 2872 quod

450 2886 657 2951 Boamundo
680 2885 853 2976 ¹traditum
885 2885 1000 2949 fuerat
1035 2886 1079 2950 ad
1105 2889 1399 2969 custodiendum

450 2985 543 3049 circa
566 2985 651 3049 illud
674 3003 752 3047 cum
784 2983 903 3049 hostes
927 2992 1043 3049 castra
1066 2986 1252 3065 locassent,
1279 2996 1315 3054 et
1340 3009 1400 3053 as-

451 3084 564 3146 sultus
582 3083 806 3147 creberrimos
827 3083 876 3148 ibi
897 3084 1065 3162 facerent,
1083 3086 1307 3151 Boamundus
1327 3108 1399 3152 non

450 3183 563 3246 ferens
580 3202 697 3266 eornm
711 3182 930 3246 insolentiam
946 3203 1106 3264 egressus
1121 3192 1174 3249 est
1188 3193 1309 3250 contra
1326 3207 1399 3276 eos,

450 3281 511 3345 sed
529 3281 719 3364 egredienti
736 3281 815 3345 duci
832 3281 982 3346 occurrit
995 3282 1187 3346 ancorum
1201 3285 1401 3364 multitudo,

451 3381 552 3465 cujus
583 3381 750 3463 impetum
778 3380 851 3443 dux
874 3380 1025 3462 perferre
1056 3402 1127 3446 non
1154 3383 1287 3460 valens,
1312 3385 1402 3449 inita

451 3479 549 3562 fuga,
568 3499 606 3544 se
626 3480 756 3562 recepit
775 3479 812 3542 in
831 3480 963 3557 urbem,
982 3481 1042 3544 ubi
1061 3480 1219 3546 hostibus
1238 3489 1400 3564 proterve

452 3579 675 3655 instantibus,
690 3579 770 3641 dum
793 3578 891 3661 plebs
912 3577 949 3642 in
972 3578 1117 3644 introitu
1138 3580 1291 3662 praesidii
1307 3600 1402 3646 com-

488 3798 640 3864 manea]
655 3802 730 3862 Upon
739 3800 791 3849 this
798 3799 918 3862 calamity
942 3800 1054 3852 Galliam
1076 3803 1226 3854 audaciores
1248 3809 1274 3853 et
1291 3806 1318 3855 in
1336 3807 1403 3856 bello

452 3869 598 3932 happening
608 3871 676 3918 close
687 3874 713 3918 tn
723 3869 766 3918 the
772 3884 834 3931 very
842 3870 916 3919 walls
941 3872 1106 3936 promptiores
1116 3875 1212 3924 nutdat
1220 3875 1237 3936 ;'
1246 3890 1271 3936 p.
1280 3879 1339 3925 2⁴8.

452 3939 531 3988 citha
548 3943 626 4002 town,
637 3938 728 3989 Albert
741 3938 770 3988 oi
777 3939 830 3988 Aix
846 3954 916 3988 amu-

453 4008 536 4071 singly
548 4009 671 4070 remarks,
689 4008 744 4056 that
756 4022 796 4056 we
813 4023 856 4058 are
873 4013 917 4058 not
976 4006 1078 4072 ’cipio
1084 4010 1212 4075 infinitis]
1223 4012 1277 4063 The
1284 4015 1405 4066 numbers

453 4082 479 4126 to
500 4063 620 4132 atmbute
642 4078 685 4127 ue
704 4077 781 4127 aean
802 4078 832 4127 οι
851 4078 917 4127 nen
940 4077 1405 4145 oftheTurksareflxedbyAlbertur

453 4148 602 4208 companion
618 4152 644 4196 to
657 4162 707 4208 any
720 4146 775 4196 sear
790 4162 820 4196 or
832 4148 917 4196 slack·
941 4147 1069 4209 Aquensis
1080 4153 1108 4198 at
1118 4153 1234 4212 aconti,
1245 4152 1296 4202 and
1306 4153 1341 4215 by
1350 4155 1406 4203 Ra-

452 4229 511 4264 ness
531 4215 560 4264 oi
575 4216 646 4265 those
668 4216 768 4279 within,
785 4217 866 4279 since,
883 4215 915 4266 he
941 4216 1053 4279 dulphus
1068 4218 1232 4269 Cadomenris
1251 4227 1279 4271 at
1295 4226 1404 4286 400,οΜ

453 4284 527 4348 adds,
545 4285 637 4334 ‘nulla
654 4286 733 4348 plaga
752 4287 841 4336 mundi
857 4291 915 4337 ante
936 4286 1019 4337 horse.
