3104 5186
487 545 553 610 148
746 561 881 610 111111
905 562 952 609 nn
975 559 1184 609 1111111111

330 734 453 775 alt-1⁰⁹⁰·
488 721 550 797 ciS,
562 739 666 803 quam
679 722 765 786 civis
779 721 919 804 quidam
931 720 1283 804 HierosolymitanuS,
1297 717 1436 796 nomine

327 785 609 903 difficsyrus,
629 821 839 902 principibus
863 840 972 903 nuper
997 819 1253 902 propalaverat,
1277 819 1321 882 ab
1344 820 1437 881 anti-

489 921 566 1002 quis
583 939 604 983 a
620 939 657 984 se
673 919 884 1001 temporibus
907 919 1128 983 custoditam.
1164 920 1249 982 Dux
1265 937 1358 992 vero,
1376 919 1438 999 qui

481 1026 525 1081 et
540 1039 602 1082 rex
619 1026 694 1082 erat
716 1019 1066 1101 Hierosolymitanus,
1088 1037 1166 1082 cum
1188 1017 1323 1081 caeteris
1342 1018 1440 1098 prin-

486 1118 622 1200 cipibus
650 1120 839 1201 peregrinis
861 1117 1046 1182 Ramulam
1062 1118 1277 1198 perveniens,
1292 1115 1439 1179 edoctus

489 1225 542 1282 est
566 1218 614 1281 ibi
638 1218 785 1299 pleniuS,
813 1218 905 1300 quod
932 1217 1116 1299 praedictus
1136 1215 1317 1300 Emyreius
1342 1215 1439 1297 apud

488 1314 695 1381 Ascalonem
712 1336 790 1380 cum
805 1318 877 1379 suis
891 1317 1000 1398 copiis
1013 1314 1234 1380 consedisset.
1262 1314 1441 1378 Praemisit

488 1415 607 1497 itaque
622 1416 694 1479 dux
712 1415 846 1498 equites
866 1416 1044 1492 ducentos
1064 1415 1124 1496 qui
1138 1416 1230 1477 viam
1250 1421 1285 1478 et
1300 1419 1439 1476 statum

489 1513 640 1577 hostium
655 1515 895 1596 explorarent;
919 1514 991 1590 sed,
1002 1533 1080 1577 cum
1094 1513 1346 1596 aliquantulum
1355 1532 1440 1594 pro-

486 1614 685 1690 cessissent,
706 1615 913 1678 invenerunt
935 1620 1092 1676 armenta
1119 1614 1235 1689 boum,
1267 1631 1437 1693 equorum

483 1719 523 1775 et
541 1712 760 1788 camelorum,
783 1732 860 1776 cum
882 1713 1080 1794 pastoribus
1096 1713 1302 1775 animalibus
1316 1713 1439 1774 curam

488 1813 756 1892 praestantibus;
789 1813 833 1875 ad
869 1831 1056 1894 quoscum
1080 1818 1199 1874 noster
1223 1810 1441 1892 pervenisset

487 1912 672 1985 exercitus,
697 1911 859 1993 fugerunt
879 1917 951 1974 tam
974 1917 1131 1992 pastores
1148 1929 1252 1992 quam
1274 1909 1334 1991 qui
1354 1927 1441 1989 pas-

483 2010 641 2073 toribus·
654 2017 826 2092 praeerant
857 2011 1001 2093 equites,
1028 2010 1190 2090 gregibus
1213 2015 1248 2072 et
1272 2009 1440 2071 armentis

488 2109 562 2172 sine
589 2110 731 2173 custode
754 2109 903 2187 relictis;
937 2109 1030 2190 capti
1053 2115 1136 2171 sunt
1159 2115 1274 2171 tamen
1295 2107 1440 2189 quidam

489 2208 619 2284 exele,
645 2228 791 2291 quorum
812 2208 978 2272 relatione
1005 2207 1047 2270 de
1077 2206 1228 2271 hostium
1257 2206 1439 2287 proposito

484 2306 602 2372 edocti
631 2315 879 2389 cognoverunt,
917 2306 1010 2388 quod
1043 2307 1202 2389 princeps
1235 2305 1439 2387 praedictus,

484 2407 550 2488 -qui
568 2406 674 2489 juxta
691 2425 750 2471 eos
774 2406 818 2468 ad
839 2413 970 2488 septem
990 2405 1151 2468 milliaria
1173 2413 1288 2469 castra
1302 2410 1439 2467 statue-

489 2511 556 2581 rat,
589 2511 669 2586 post
699 2504 840 2568 biduum
874 2504 1035 2569 accedere
1068 2510 1103 2568 et
1134 2512 1290 2568 nostrum
1317 2502 1438 2567 delere

485 2604 681 2666 exercitum
694 2605 882 2685 cogitabat.
922 2604 1033 2667 Erant
1045 2611 1159 2666 autem
1175 2603 1284 2666 nostri
1295 2623 1441 2666 numero

486 2703 591 2784 quasi
607 2702 700 2766 mille
715 2703 849 2785 equites
871 2711 907 2768 et
926 2703 1076 2778 ducenti,
1091 2703 1224 2784 pedites
1238 2721 1321 2766 vero
1335 2704 1439 2783 quasi

485 2820 552 2864 sex
577 2801 685 2865 millia
711 2803 892 2879 numerati,
916 2803 975 2884 qui
1002 2819 1120 2865 omnes
1141 2802 1183 2864 de
1208 2800 1334 2882 praelio¹
1351 2804 1441 2866 certi

491 2918 615 2964 novem
636 2902 727 2964 acies
752 2902 941 2978 instruunt,
962 2920 1108 2983 quarum
1129 2907 1200 2964 tres
1218 2909 1440 2982 praeponunt,

491 3004 561 3060 tres
589 2998 705 3063 locant
732 2999 769 3063 in
795 3001 918 3076 medio,
941 3008 977 3064 et
1004 3008 1075 3063 tres
1097 3000 1196 3081 sequi
1216 2999 1439 3080 praecipiunt,

489 3103 541 3173 ut,
561 3098 788 3182 undecunque
816 3099 861 3163 ad
889 3119 948 3163 eos
988 3099 1137 3163 hostium
1173 3098 1235 3161 fiat
1263 3116 1440 3176 accessuS,

488 3196 658 3278 triplicem
673 3198 721 3261 ibi
737 3199 910 3280 reperiant
924 3198 1077 3261 ordinem
1090 3199 1239 3261 acierum
1249 3197 1439 3280 objectum.

485 3293 547 3358 sic
571 3297 701 3379 itaque,
730 3298 873 3361 obtenta
906 3297 981 3360 sine
1014 3296 1286 3360 contradictione
1317 3297 1441 3378 praeda

489 3403 691 3471 memorata,
711 3416 790 3478 quae
804 3415 876 3477 prae
896 3396 1003 3458 nimia
1020 3395 1239 3459 multitudine
1260 3415 1441 3460 numerum

484 3494 690 3570 excedebat,
718 3502 865 3578 noctem,
880 3493 975 3557 illam
999 3494 1046 3557 ibi
1077 3500 1321 3574 transegerunt
1348 3514 1440 3575 gau-

439 3600 442 3608 '
480 3591 630 3670 dentes3
654 3612 755 3656 mane
773 3599 889 3657 autern
907 3592 1013 3669 facto,
1029 3593 1125 3656 lituis
1140 3600 1175 3656 et
1195 3592 1288 3655 tubis
1307 3593 1441 3658 bellum

488 3690 662 3768 indicitur,
697 3698 733 3756 et
765 3693 944 3756 instructis
979 3692 1167 3768 ordinibus,
1203 3691 1355 3755 Domino
1387 3695 1441 3757 rei

484 3789 623 3854 exitum
641 3790 930 3868 commendantes,
952 3790 988 3852 in
1013 3791 1130 3853 hostes
1152 3790 1254 3871 quasi
1271 3790 1325 3853 vir
1344 3810 1439 3855 unus

488 3887 691 3970 procedunt,
709 3907 805 3970 spem
821 3890 857 3951 in
872 3909 913 3952 eo
927 3889 1082 3952 vietoriae
1098 3889 1318 3952 collocantes.
1347 3888 1440 3954 Pro-

477 3988 688 4051 cedentibus
714 3989 823 4069 igitur
849 3987 1043 4069 legionibus
1064 3987 1171 4070 juxta
1192 3987 1350 4050 militaris
1378 4007 1438 4052 or-

485 4085 577 4151 dinis
602 4087 818 4168 disciplinam
843 4086 938 4150 lento
967 4086 1078 4168 gradu
1103 4086 1146 4149 ad
1174 4105 1339 4168 pugnam,
1359 4089 1442 4151 visa

485 4189 569 4247 sunt
594 4205 757 4267 superno,
775 4193 815 4248 ut
834 4185 996 4261 creditur,
1017 4185 1183 4247 instinctu
1209 4204 1336 4266 pecora
1357 4205 1439 4250 cor-

478 4281 586 4344 nibus
597 4285 720 4347 erectis
734 4293 771 4348 et
786 4284 905 4348 caudis
925 4285 1076 4347 acierum
1089 4282 1255 4347 lateribus
1269 4282 1441 4350 adextris
