3138 5184
270 717 325 756 ab.
337 719 393 758 110³.

432 519 498 583 174
691 533 825 581 uocum
851 533 897 580 un
920 533 1128 581 wuuoovuu

432 713 555 756 manus
571 693 734 773 effugere,
759 691 895 756 amissis
921 693 1092 772 omnibus,
1119 691 1211 773 apud
1234 691 1388 754 Tarsum

434 791 565 856 Ciliciae
598 799 844 868 convenerunt,
879 797 925 868 et,
956 790 1120 854 defuncto
1149 791 1197 854 ibi
1232 789 1388 871 Hugone

433 911 560 971 magno
584 897 619 954 et
648 891 683 954 in
711 891 857 954 ecclesia
879 890 1030 975 doctoris
1055 890 1211 970 gentium
1237 890 1389 972 sepulto,
1447 927 1451 935 -

383 1058 387 1063 ,
433 989 655 1055 Antiochiam
674 990 819 1072 profecti
833 996 927 1066 sunt,
943 989 1091 1072 indeque
1104 988 1388 1072 Hierosolymam

432 1090 638 1154 festinantes
655 1088 841 1153 Tortosam
858 1087 1102 1171 pervenerunt,
1117 1089 1306 1170 urbemque
1322 1089 1387 1151 ob'-

432 1188 759 1253 sidionevalluntes
787 1188 878 1251 infra
904 1189 977 1251 dies
1003 1207 1133 1270 paucos
1162 1187 1386 1250 obtinuerunt

433 1308 521 1362 eam,
558 1289 692 1352 civibus
726 1287 941 1371 interemptis
971 1294 1032 1351 aut
1070 1285 1276 1368 mancipatis
1306 1305 1387 1368 per-

432 1397 547 1471 petuae
565 1387 737 1451 servituti.

499 1560 587 1640 Quod
602 1527 953 1642 re‘Hbraolynaarm
968 1568 1029 1623 tres
1043 1559 1183 1624 civitates
1193 1557 1317 1644 subepit.

269 1693 418 1742 conqueror
496 1683 569 1746 Sub
598 1682 653 1747 his
685 1701 825 1766 quoque
852 1683 972 1746 diebus
1004 1684 1039 1746 in
1078 1690 1182 1765 portu
1212 1683 1387 1766 prpensi

271 1742 374 1790 Buldwiu,

269 1792 323 1841 king
331 1793 355 1832 cl

268 1841 397 1884 Jerusalem.

433 1801 559 1864 magna
586 1782 816 1848 Junuensium
844 1783 955 1846 classa
984 1783 1143 1865 appulsa,
1172 1782 1267 1846 etin
1294 1783 1385 1846 Pas-

431 1881 522 1945 chali
540 1919 541 1926 1
562 1883 782 1946 solemnitate
819 1880 1100 1962 Hierosolymam
1140 1882 1384 1947 ascenderunt.

433 1981 569 2045 Horum
592 2001 655 2053 rex
674 1981 895 2045 Hierusalem
917 1975 1141 2045 Baldewinus
1163 1981 1272 2044 fultus
1296 1985 1384 2046 au'x·

432 2081 492 2144 ilio
513 2075 641 2146 Assur¹
662 2081 827 2164 oppidum
850 2077 1057 2144 maritimum
1080 2080 1215 2145 obsedit
1237 2086 1273 2144 et
1295 2081 1382 2145 illud

430 2187 592 2262 potenter
606 2179 820 2264 subjugavit,
845 2187 895 2257 et,
908 2180 944 2242 in
962 2180 1223 2249 eocustodibus
1240 2180 1383 2259 relictis,

433 2278 629 2344 Caesaream
653 2299 761 2364 usque
775 2280 962 2362 .perveuit;
989 2298 1093 2360 quam
1109 2299 1173 2343 rex
1188 2299 1266 2344 cum
1284 2299 1383 2361 mag-

432 2399 477 2443 no
492 2380 610 2444 labore
627 2397 773 2445 suorum·
787 2375 964 2443 effractam
985 2375 1173 2459 ingressus,
1190 2379 1382 2443 intersectis

431 2478 577 2554 civibus,
594 2478 705 2560 spolia
722 2475 847 2541 ibidem
862 2477 1105 2562 impretiabilia
1120 2478 1282 2554 obtinuit,
1300 2498 1381 2561 quae

431 2577 503 2640 suis
521 2577 714 2641 auxiliariis
731 2577 875 2658 largiter
888 2575 1056 2658 erogavit.
1109 2576 1195 2641 Erat
1211 2584 1327 2640 autem
1344 2579 1382 2641 in

431 2695 501 2740 una
521 2683 620 2758 parte
648 2676 751 2760 hujus
780 2677 932 2741 civitatis
954 2675 1124 2758 templum
1151 2676 1304 2751 deorum,
1333 2678 1379 2741 ad

430 2776 523 2856 quod
548 2776 697 2859 populus
719 2795 826 2840 causa
851 2775 1047 2840 obtinendae
1071 2774 1195 2854 salutis
1215 2775 1380 2857 confuge·

430 2883 501 2953 rat3
526 2876 599 2953 sed,
609 2876 670 2940 illo
686 2875 875 2952 confracto,
887 2882 985 2939 tanta
1000 2874 1049 2938 ibi
1063 2883 1198 2956 strages
1209 2874 1302 2939 sacta
1312 2884 1379 2954 est,

430 2983 470 3038 ut
493 2976 616 3039 horror
636 2984 728 3040 esset
750 2976 939 3039 occisorum
964 2973 1217 3038 multitudinem
1238 2974 1378 3040 intueri.

430 3073 475 3136 In
496 3075 556 3139 illo
579 3083 695 3139 autem
710 3075 861 3139 oratorio
879 3091 941 3138 vas
958 3073 1157 3137 'viridissimi
1180 3074 1304 3137 coloris
1323 3095 1380 3138 re-

428 3182 565 3255 pertum
582 3183 647 3252 est,
658 3176 692 3238 in
708 3175 846 3238 modum
861 3173 1055 3255 paropsidis
1071 3171 1268 3250 formatum,
1284 3175 1379 3255 quod

427 3273 452 3336 J
455 3293 623 3338 anuenses
654 3271 912 3354 smaragdinum
940 3278 1140 3354 reputantes
1164 3291 1228 3354 pro
1249 3280 1381 3352 magua

428 3374 584 3454 pecuniae
612 3391 749 3438 summa
768 3378 982 3454 receperunt,
1004 3371 1126 3453 'et-pro
1153 3379 1279 3434 ornatu
1298 3392 1379 3453 pre·

428 3473 519 3538 tioso
551 3493 623 3537 suae
652 3472 738 3536 illud
771 3471 926 3535 ecclesiae
959 3467 1168 3534 obtuleruut.
1221 3469 1378 3536 Adducti

427 3581 510 3637 sunt
525 3581 639 3637 autem
666 3591 781 3636 coram
802 3589 883 3651 rege
906 3567 1111 3651 procurator
1134 3571 1297 3647 civitatis,
1318 3574 1380 3654 qui

426 3671 546 3754 lingua
556 3692 674 3736 eorum
684 3671 791 3753 Emyr
803 3669 940 3746 dicitur,
950 3676 986 3732 et
997 3668 1180 3752 juridicus,
1191 3671 1251 3751 qui
1261 3663 1377 3734 lead-

427 3772 492 3835 mis
514 3772 766 3854 appellabatur,
790 3769 850 3852 qui
871 3787 932 3850 spe
952 3769 1113 3832 maximae
1128 3769 1377 3851 'redemptionis

426 3879 508 3935 sunt
532 3871 753 3954 compedibus
774 3867 974 3950 mancipati.
1027 3867 1109 3932 Rex
1135 3887 1217 3932 vero
1246 3869 1377 3934 consti-

463 4103 696 4169 ¹Asrur.]‘Arsur,
704 4103 825 4164 oppidum
833 4115 887 4150 ma·
911 4097 1218 4163 tipatrosicappellatus:
1238 4103 1380 4166 WillTyr.

425 4175 535 4224 ritimum
549 4210 587 4225 ...
600 4175 647 4223 Est
658 4177 743 4222 autem
754 4173 795 4222 hic
805 4173 887 4234 locus,
911 4187 938 4232 p.
949 4174 1007 4220 783.

424 4245 470 4304 qui
487 4245 537 4292 alio
551 4245 650 4293 nomine
663 4241 825 4303 Antipatrida
840 4257 886 4302 ap·
946 4237 1101 4303 'cadmiel
1115 4255 1143 4288 or
1166 4253 1234 4290 more
1256 4243 1378 4305 properly

424 4314 544 4375 pellatur,
551 4314 583 4362 ab
592 4312 704 4362 Herodis
717 4311 886 4374 genitoreAn·
911 4309 1021 4359 ‘Cadius
1031 4309 1049 4371 ς’
1070 4311 1138 4358 Will.
1149 4310 1210 4370 Tyr.
