3144 5180
412 519 550 567 cnonas
574 519 844 569 nrsronmnuu.
1035 505 1101 571 205

147 675 344 739 cessoribus
361 676 445 738 meis
461 675 698 752 vendicabam,
714 675 750 738 in
764 696 870 739 manu
886 675 1015 741 domini
1032 680 1099 742 mei
1113 695 1167 736 au.
1180 698 1235 736 11⁶²·

148 775 241 855 regis
258 795 324 856 pro
339 795 394 838 me
408 783 444 838 et
456 775 714 838 successoribus
728 775 815 838 meis
833 775 867 838 in
892 784 1099 859 perpetuum

149 874 336 953 resignavi.
374 873 428 938 Sit
443 874 562 956 itaque
579 873 763 938 decaetero
783 874 929 938 liberum
945 869 1098 942 ¹monus·

148 973 236 1037 terio
258 973 353 1037 beati
378 971 507 1038 Albani
537 980 573 1036 ct
600 972 793 1055 quindecim
814 973 890 1058 jam
914 974 1015 1039 dictis
1042 996 1098 1040 ec·

148 1071 265 1135 clesiis
293 1072 442 1138 chrisma
470 1072 536 1136 sibi
562 1080 597 1136 ct
620 1071 735 1135 oleum
762 1079 797 1136 et
825 1072 1098 1140 benedictionem

148 1178 183 1235 et
218 1178 347 1235 caetera
376 1171 492 1235 omnia
516 1171 670 1235 ecclesiae
703 1180 933 1250 sacramenta,
961 1165 1001 1237 ’a
1029 1195 1098 1257 quo

147 1270 301 1335 voluerit
339 1271 513 1353 episcopo,
553 1271 684 1353 absque
716 1277 836 1334 nostra
875 1278 911 1335 et
944 1272 1098 1338 ecclesiae

148 1377 279 1433 nostrae
309 1369 564 1447 reclamatione,
592 1370 759 1452 accipere,
781 1376 817 1433 ct
838 1369 881 1434 dc
906 1378 1033 1435 caetero
1061 1372 1098 1436 in

148 1488 255 1532 manu
279 1470 382 1551 regis,
409 1470 499 1533 sicut
520 1488 586 1533 sua
610 1468 782 1532 dominica
807 1469 964 1546 ecclesia,
990 1470 1099 1535 libera

148 1569 367 1647 remanebit3
399 1568 541 1650 reliquae
564 1587 647 1632 vero
668 1567 822 1632 ecclesiae
851 1568 1004 1653 ejusdem
1025 1590 1099 1635 mo-

147 1669 292 1732 nasterii
319 1668 447 1749 passim
474 1688 537 1749 per
563 1667 801 1750 episcopatum
823 1667 1099 1734 Lincolnicnsem

148 1767 350 1831 constitutae
381 1766 610 1830 obedientiam
636 1773 671 1830 et
699 1766 960 1850 subjectionem,
993 1788 1098 1851 quam

148 1872 286 1929 caeterae
308 1865 434 1929 debent
450 1865 792 1947 ecclesiae,episcopo
810 1865 1044 1931 lincolniensi
1061 1876 1098 1932 et

148 1964 399 2030 archidiaconis
423 1963 646 2028 exhibebunt.
698 1964 814 2042 Quod,
838 1985 881 2028 ne
906 1966 1097 2030 decaetero

149 2065 260 2146 possit
276 2065 312 2128 in
329 2064 425 2128 litem
440 2064 606 2141 revocari,
616 2063 736 2146 scripti
752 2064 935 2146 praesentis
953 2071 1096 2129 attesta-

149 2164 244 2226 tione
272 2172 309 2227 et
328 2161 436 2245 'sigilli
462 2164 530 2226 mei
551 2169 587 2227 et
609 2163 752 2245 capituli
776 2163 992 2245 appositione
1014 2183 1096 2227 con·

149 2261 297 2338 firmavi,
331 2263 475 2327 testibus
505 2259 734 2345 supradictis!
786 2261 891 2324 Hauc
915 2281 1036 2344 pacem
1062 2271 1098 2328 et

148 2362 369 2426 concordiam
390 2381 467 2426 cum
489 2382 552 2426 rex
573 2361 748 2424 Henricus
766 2368 802 2425 et
823 2360 988 2438 Thomas,
1005 2361 1097 2426 Can·

148 2462 333 2528 tuariensis
369 2460 660 2543 archiepiscopus,
697 2460 770 2524 suis
808 2460 1098 2525 confirmaverant

148 2561 380 2638 munimentis,
419 2579 512 2642 papa
546 2558 759 2635 Alexander,
797 2578 914 2623 eornm
949 2561 1098 2641 vestigia

148 2668 300 2737 secutus,
327 2654 419 2723 ³eam
455 2658 636 2742 privilegio
666 2658 820 2722 ecclesiae
855 2658 1025 2722 Romanae
1063 2669 1099 2723 et

148 2761 401 2842 subscriptione
430 2759 582 2823 omnium
612 2757 838 2822 cardinalium
862 2759 1096 2822 communivit.

149 2859 281 2923 Eodem
309 2879 400 2922 anno
426 2878 488 2921 rex
508 2857 831 2940 Hierosolymorum
852 2849 1098 2921 ⁴Baldewinus

149 2958 312 3023 humanae
343 2966 478 3023 naturae
509 2956 663 3020 debitum
694 2955 810 3032 solvit,
845 2956 902 3019 cui
933 2955 1099 3024 successit

145 3061 259 3124 frater
275 3059 351 3144 ejus
368 3056 575 3123 Amalricus.

150 3260 298 3326 Suomario
312 3256 509 3346 perturbatio
531 3266 639 3321 oooiro
663 3255 821 3332 Thamara,
847 3252 1101 3317 Centauricusan

489 3356 760 3442 archiepiscopum.

200 3484 305 3550 Anno
326 3482 468 3548 Domini
490 3496 648 3544 Mcuxln.
671 3500 733 3544 rex
751 3476 946 3560 Anglorum
969 3473 1099 3538 Henri·
1113 3490 1236 3530 annin.

1073 3573 1081 3588 .
1112 3541 1191 3580 caum
1199 3540 1224 3580 ot

147 3604 223 3662 cus,
248 3584 375 3647 finibus
400 3581 638 3645 transmarinis
660 3599 723 3660 pro
748 3578 939 3643 voluntate·
952 3575 1099 3656 disposr-
1112 3591 1230 3630 iraeneo„

1112 3642 1206 3680 Μυκη
1216 3640 1251 3679 the

149 3686 208 3761 tis,
226 3678 281 3746 ⁵in
295 3681 460 3764 Angliam
477 3680 591 3756 rediit,
604 3686 640 3742 et
657 3678 821 3754 Thomas,
839 3673 1099 3740 Cantuaricnsis
1112 3689 1216 3780 wa

184 3883 380 3947 wamma]
404 3875 610 3931 ‘Monasterium'
672 3875 870 3941 ⁴Buldawt'aac.]
889 3877 932 3926 He
942 3876 1003 3925 died
1013 3891 1045 3924 on
1055 3851 1098 3925 the

147 3957 175 4004 in
185 3957 244 4006 MS.
638 3948 697 3997 1oth
713 3948 853 4008 February,
870 3946 922 3996 and
935 3960 990 3994 was
1009 3945 1099 3993 huried

183 4056 223 4106 :A
237 4057 304 4120 qna]
328 4056 436 4104 ‘Liceat
451 4054 538 4104 abbati
550 4052 611 4102 suo'
636 4018 716 4148 Ξξξῗ
726 4015 911 4146 ἵξιᾞῖῧιξιζξὶζθ
919 4014 999 4133 9131]
1010 4015 1100 4075 Sepul-

146 4127 295 4177 insemdin
306 4127 348 4176 the
359 4126 417 4175 MS·
670 4152 951 4217 ⁵laAuglicmrediit]
974 4151 1017 4200 He
1028 4152 1102 4200 land-

184 4227 264 4277 ³Eum
279 4226 440 4292 harilegia]
464 4227 533 4276 ‘Per
554 4240 610 4274 eam
636 4225 668 4274 ed
686 4232 713 4275 at
729 4225 911 4287 Southampton
930 4237 962 4270 on
979 4222 1021 4270 the
1040 4221 1101 4270 auth

147 4293 315 4362 privilegium’
331 4299 359 4346 in
370 4297 428 4347 MS.
635 4296 767 4356 ianuam
784 4295 870 4344 Dicet.
879 4294 928 4343 col.
937 4295 994 4342 584.
