3104 5186
486 589 552 654 116
744 603 878 654 nonum
901 605 948 652 nn
968 603 1179 653 wuxnovnn

328 781 451 821 aanor.
489 761 633 838 tunitas,
650 768 691 825 ut
712 769 882 843 nusquam
906 758 1104 834 remedium,
1127 775 1299 838 nusquam
1322 757 1444 820 solati-

329 830 479 922 dldffio.
492 881 551 925 um
573 868 777 942 appareret;
810 859 959 942 majores
982 865 1017 921 et
1041 858 1203 932 minores,
1223 855 1365 937 paribus
1388 857 1444 918 in-

492 960 602 1028 voluti
616 959 774 1035 miseriis,
791 958 922 1024 nullam
939 958 1005 1022 sibi
1020 955 1266 1020 consolationis
1282 953 1445 1017 laetitiam

494 1058 537 1122 ad
568 1059 714 1122 inuicem
746 1056 1001 1139 impendebant,
1031 1062 1066 1118 et
1096 1072 1264 1118 memores
1292 1072 1445 1116 uxorum

493 1158 659 1222 nobilium
690 1164 725 1220 et
754 1157 950 1231 liberorum,
980 1173 1067 1235 quos
1097 1152 1190 1216 domi
1217 1151 1446 1232 reliquerant,

495 1257 719 1338 amplissima,
747 1275 825 1337 quae
851 1256 895 1318 ob
926 1253 1056 1317 Christi
1090 1252 1271 1315 caritatem
1305 1250 1446 1313 dimise-

495 1362 588 1430 rant,
618 1355 826 1436 patrimonia
861 1359 976 1416 mente
1012 1351 1168 1417 recolunt
1205 1355 1240 1412 et
1274 1350 1375 1431 quasi
1404 1350 1449 1414 de

496 1453 615 1517 divina
635 1459 885 1533 conquerentes
909 1451 1169 1532 ingratitudine,
1194 1447 1285 1528 quod
1308 1446 1448 1511 labores

497 1570 614 1615 eorum
637 1557 672 1614 et
685 1551 879 1616 devotionis
901 1551 1081 1613 caritatem
1103 1567 1173 1611 non
1191 1546 1366 1628 respiciat,
1383 1548 1447 1611 sed

497 1650 597 1732 quasi
624 1669 646 1712 a
670 1649 747 1713 Deo
769 1649 919 1714 alienum
952 1647 1118 1731 populum
1145 1644 1234 1709 tradi
1257 1645 1291 1707 in
1321 1664 1447 1710 manus

497 1748 646 1813 hostium
664 1749 828 1829 patiatur.

527 1919 577 1984 Dc
592 1917 790 1982 consolatione
799 1919 977 2004 percpriaic
991 1919 1158 2004 desperatis
1174 1941 1194 1982 a
1209 1920 1276 1983 Dco
1292 1919 1418 1984 collata.

334 2056 463 2145 Minatus·
551 2041 639 2107 Cum
654 2062 737 2124 ergo
750 2042 800 2106 sic
814 2042 1024 2124 affligeretur
1038 2044 1106 2107 Dei
1120 2044 1281 2126 populus,
1293 2046 1452 2126 respexit

334 2116 458 2195 ἶῖῗῗῖἷῖοοο·
498 2140 595 2208 illum
610 2142 780 2205 Dominus
797 2149 833 2205 et
847 2143 996 2222 gemitus
1009 2162 1126 2207 eorum
1145 2143 1288 2219 audivit,
1304 2145 1450 2208 mittens

499 2241 548 2304 eis
564 2242 833 2305 consolationem
846 2241 889 2304 de
904 2242 985 2304 sede
1001 2242 1194 2325 majestatis
1211 2260 1294 2305 suae.
1322 2236 1452 2307 ¹Venit

498 2340 589 2410 enim
618 2339 779 2404 sacerdos
805 2341 944 2422 quidam
967 2342 1169 2423 peregrinus
1189 2347 1224 2403 et
1245 2360 1378 2423 pauper
1407 2342 1453 2404 de

498 2439 655 2502 exercitu
683 2439 726 2500 ad
756 2439 928 2520 principes
957 2446 993 2502 et
1017 2439 1216 2520 peregrinos
1246 2440 1450 2517 occidentis,

498 2536 549 2604 ita
566 2537 703 2614 dicens3
729 2534 890 2614 ‘Audita
908 2539 1032 2602 fratres
1055 2539 1134 2613 mei,
1153 2538 1270 2601 audite
1287 2545 1322 2601 et
1344 2539 1451 2603 amici

498 2635 678 2710 carissimi,
697 2636 862 2700 visionem
881 2656 984 2717 quam
1000 2637 1083 2701 vidi.
1142 2636 1281 2700 Cumin
1299 2637 1450 2704 ecclesia

497 2732 565 2798 Dei
586 2734 763 2814 genitricis
788 2742 992 2818 pernoctare
1019 2735 1245 2800 decrevissem
1269 2755 1332 2816 pro
1364 2757 1451 2801 nos·

497 2833 560 2904 ¹tris
586 2832 840 2898 calamitatibus
858 2835 971 2897 Deum
995 2842 1194 2915 rogaturus,
1218 2835 1367 2916 vigilans
1391 2837 1451 2905 vel

496 2931 715 3012 semisopitus
751 2934 879 3008 nescio,
918 2933 1013 2995 Deus
1046 2934 1123 3010 scit,
1156 2934 1227 2996 vidi
1256 2933 1450 2998 Dominum

497 3037 653 3095 nostrum
692 3031 813 3095 Jesum
844 3030 1033 3107 Christum,
1069 3051 1131 3095 neo
1161 3038 1278 3111 tamen
1317 3036 1450 3113 agnovi

498 3146 595 3206 eum;
618 3129 740 3196 aderat
763 3131 867 3194 etiam
888 3131 1106 3196 sanctissima
1126 3131 1202 3214 ejus
1227 3132 1392 3212 genitrix,
1414 3141 1451 3196 et

496 3226 656 3309 princeps
685 3229 921 3311 apostolorum
951 3229 1089 3305 PetruS,
1112 3248 1200 3312 quos
1225 3231 1449 3312 aspiciebam.

497 3323 599 3389 Dixit
627 3335 742 3390 autem
781 3328 864 3392 mihi
901 3328 1085 3403 DominuS,
1123 3326 1323 3409 ‘Agnoscis
1354 3330 1450 3395 mel*

495 3424 619 3506 inquit,
665 3427 721 3488 cui
757 3446 834 3507 ego,
874 3427 1154 3510 ‘Nequaquam
1195 3428 1331 3507 domine
1375 3431 1450 3494 mi.'

496 3522 640 3596 Interim
673 3543 760 3589 crux
794 3525 975 3606 splendida
1012 3545 1117 3607 super
1146 3533 1253 3606 caput
1282 3527 1357 3609 ejus
1389 3550 1447 3592 re-

495 3622 670 3702 splenduit
701 3625 887 3706 apposita;
920 3626 1045 3688 iterum
1075 3625 1303 3706 interrogavit
1328 3646 1382 3689 me
1408 3636 1449 3692 ut

494 3721 603 3801 prius,
632 3729 668 3786 et
695 3742 772 3804 ego,
807 3724 982 3792 ‘Domine
1015 3723 1074 3800 mi,
1112 3725 1142 3786 si
1173 3725 1260 3788 bene
1292 3721 1482 3807 percipio‘

494 3837 539 3892 ex
567 3820 668 3900 signo
693 3822 804 3884 crucis
829 3822 935 3903 capiti
958 3830 1019 3886 tuo
1045 3822 1219 3904 imposito,
1241 3824 1450 3888 crucifixum

494 3924 529 3980 et
550 3917 816 4000 Redemptorem
842 3927 997 3990 nostrum
1018 3928 1054 3986 te
1076 3940 1151 3985 esse
1170 3921 1328 4003 intelligo
1339 3923 1360 4000 ;’
1386 3925 1450 4004 qui
1542 3951 1543 3969 ÷

494 4019 683 4098 respondit,
702 4019 782 4084 ‘Ita
804 4027 857 4086 est
877 4020 979 4102 plane
993 4026 1034 4083 ut
1052 4020 1162 4086 dicis.'
1215 4021 1261 4084 Et
1277 4041 1353 4102 ego,
1370 4042 1451 4103 per·
1541 4093 1542 4121 ,

530 4221 625 4276 ¹Vena
646 4226 711 4278 enim
733 4221 871 4296 suendae]
899 4227 953 4276 The
979 4242 1053 4289 peare
1066 4233 1091 4276 to
1105 4227 1169 4276 have
1185 4225 1263 4276 taken
1280 4228 1301 4274 it
1314 4226 1377 4276 from
1395 4230 1449 4278 Ro·
1540 4229 1541 4273 l

491 4291 620 4354 following
635 4295 761 4355 legendis
775 4301 819 4344 not
834 4297 953 4346 recorded
981 4299 1065 4346 bertus
1083 4297 1236 4356 Monachus,
1247 4311 1273 4356 p.
1289 4300 1329 4346 6⁰.

491 4360 525 4420 by
537 4362 606 4410 will.
617 4363 646 4412 of
653 4365 735 4424 Tyre;
754 4365 895 4420 Weudorer
910 4380 954 4430 ap·
