3138 5184
471 591 537 655 226
720 605 853 653 uocaui
879 606 926 651 nu
949 604 1158 653 wannovan

312 777 435 818 euna·
474 764 619 827 ducibus
642 762 757 826 Marte
782 769 817 826 et
834 761 1007 837 Vulcano,
1028 781 1091 824 rex
1116 758 1297 823 Scotorum
1320 779 1423 823 coac-

315 891 446 940 aoumrsy
475 869 533 926 tus
557 870 610 926 est
630 863 833 926 concordari
856 877 933 924 cum
954 861 1044 941 ipso.
1097 858 1289 922 Henricum
1313 859 1424 940 igitur

313 941 452 1032 iiiiii'fnd
476 962 582 1024 filium
609 962 700 1042 regis
726 961 878 1024 obsidem
902 978 1020 1022 secum
1045 959 1174 1021 ducens
1194 957 1230 1020 in
1255 956 1423 1038 Angliam

478 1059 689 1123 Ludehlawe
708 1060 888 1123 castellum
910 1058 1064 1136 obsedit;
1090 1058 1149 1121 ubi
1174 1057 1264 1120 idem
1290 1057 1421 1120 Henri-

478 1177 552 1236 cus,
585 1159 629 1221 ab
662 1157 805 1221 inclusis
832 1176 922 1220 unco
952 1157 1063 1220 ferreo
1093 1167 1183 1237 equo
1213 1157 1424 1231 abstractae,

477 1277 577 1339 paene
594 1257 687 1320 iutra
708 1275 824 1320 muros
846 1255 1022 1338 projectus
1040 1260 1105 1331 est,
1128 1254 1188 1317 sed
1205 1274 1267 1317 rex
1287 1253 1361 1336 ipse
1379 1255 1425 1316 ab

478 1357 636 1420 hostibus
650 1375 742 1432 eum,
758 1365 798 1418 ut
817 1355 916 1417 miles
940 1355 1113 1434 egregius,
1132 1353 1352 1417 laudabiliter
1368 1373 1426 1416 re-

480 1456 600 1519 traxit.
653 1454 741 1517 Inde
769 1453 813 1517 ad
841 1453 1028 1528 Oxouiam,
1054 1452 1241 1536 subjugato
1266 1452 1425 1527 castello,

480 1553 654 1636 profectus
674 1553 766 1634 cepit
787 1553 834 1615 ibi
850 1553 886 1615 iu
904 1553 1000 1615 curia
1022 1570 1087 1615 sua
1107 1551 1208 1613 nimis
1230 1552 1425 1632 perniciose

482 1644 682 1733 Rogerum,¹
695 1651 981 1715 sarisberiensem
994 1651 1205 1732 episcopum,
1216 1656 1253 1713 et
1268 1648 1427 1712 Alexan-

481 1750 580 1814 drum
604 1750 888 1827 Lincolniensem,
911 1750 1022 1832 ipsius
1048 1735 1222 1831 nepotem,
1244 1748 1427 1824 violenter,

482 1849 568 1912 nihil
585 1848 801 1913 rectitudinis
823 1855 1033 1912 recusantes
1087 1847 1226 1912 Peneus
1247 1848 1354 1928 igitur
1377 1848 1428 1910 ibi

481 1949 518 2010 iu
538 1967 707 2011 carcerem
729 1948 918 2012 antistitem
935 1946 1174 2011 Alexandrum
1196 1946 1429 2010 Sarisberieu-

482 2066 554 2110 sem
569 2066 685 2111 secum
701 2048 806 2111 duxit
821 2047 865 2109 ad
882 2048 1062 2110 castellum
1074 2046 1161 2129 ejus,
1178 2047 1270 2129 quod
1284 2039 1429 2110 ²Divisa

483 2153 640 2222 vocatur,
656 2165 724 2228 quo
739 2165 808 2209 non
822 2153 897 2210 erat
913 2145 1125 2228 splendidius
1145 2146 1237 2208 intra
1254 2145 1340 2220 fines
1356 2144 1430 2206 Eu-

483 2263 590 2327 ropae.
619 2243 779 2309 Afflictus
792 2245 899 2326 igitur
913 2245 1016 2321 fame,
1030 2250 1065 2308 et
1080 2245 1169 2308 collo
1182 2236 1243 2306 filii
1261 2243 1348 2326 ejnS,
1366 2243 1430 2324 qui

389 2371 397 2401 ν
482 2343 709 2407 cancellarius
738 2344 863 2420 fuerat,
889 2344 1051 2427 laqueum
1076 2350 1263 2406 annectens
1289 2349 1330 2405 ut
1342 2335 1432 2404 ‘'sus-

483 2442 700 2524 peuderetur,
726 2441 792 2504 hac
820 2449 895 2506 arte
925 2440 1105 2507 castellum
1133 2441 1435 2522 obtinuitratque

486 2547 561 2603 arte
578 2540 697 2603 eadem
720 2539 966 2605 Sireburucuse
988 2541 1152 2623 oppidum
1167 2541 1203 2602 iu
1217 2557 1290 2603 sua
1313 2547 1435 2621 potes·

486 2645 559 2701 tate
587 2639 738 2719 recepit3
765 2633 1024 2723 ³accipiensque
1046 2639 1227 2704 thesauros
1254 2638 1433 2720 pontificis

486 2737 701 2818 comparavit
733 2738 813 2802 inde
842 2739 1030 2803 Eustochio
1060 2739 1131 2801 filio
1162 2757 1226 2801 suo
1256 2737 1435 2802 Constan-
1532 2751 1537 2762 ¹

404 2833 407 2841 '
485 2837 582 2911 tiam,
599 2855 752 2900 sororem
770 2837 946 2903 Lodowici
962 2838 1055 2919 regis
1068 2838 1295 2914 Francorum,
1313 2836 1437 2900 matri-

486 2933 602 2998 monio
628 2936 871 3018 copulandam.
904 2937 992 3001 Inde
1017 2956 1155 3018 quoque
1179 2937 1344 3000 recedens
1367 2955 1435 2999 rex

486 3033 645 3096 similiter
662 3037 734 3116 egit
751 3036 792 3099 de
810 3033 1024 3112 Alexandro,
1043 3035 1275 3099 Lincolnieusi
1297 3036 1438 3118 episeo-

486 3151 544 3213 po,
571 3132 679 3197 donec
712 3133 864 3206 reddidit
882 3136 914 3198 ei
933 3134 1089 3201 ,castella
1116 3134 1158 3198 de
1182 3127 1374 3198 ⁴Neowere
1398 3142 1439 3197 et

486 3230 664 3296 Latforda.

489 3389 580 3475 Quod
591 3401 743 3466 Motildic
757 3403 910 3487 quondam
926 3405 1111 3489 imperatrice
1126 3407 1207 3470 canit
1223 3406 1258 3470 io
1269 3407 1439 3490 Acyllam.

323 3537 473 3627 iiirir'im
551 3517 699 3590 Eodem⁵
732 3546 815 3590 vero
850 3527 1004 3608 tempore
1039 3527 1208 3605 Matildis,
1238 3529 1309 3592 filia
1341 3531 1442 3612 regis

322 3638 432 3677 struent
489 3623 647 3702 Henrici,
671 3644 749 3707 quae
772 3626 838 3689 fuit
859 3626 1073 3708 imperatrix,
1092 3627 1147 3690 cui
1164 3625 1295 3708 Anglia
1312 3628 1444 3711 jurata

323 3687 418 3726 Arundel

323 3738 394 3776 wtle·
487 3729 574 3800 erat,
590 3743 668 3787 cum
686 3723 811 3788 comite
832 3724 987 3790 Roberto
1007 3725 1114 3789 fratre
1131 3745 1194 3789 suo
1214 3727 1251 3789 iu
1268 3726 1444 3809 Angliam

524 3921 531 3950 ¹
544 3925 675 3985 Rogermn.
688 3917 702 3989 ]
720 3923 880 3984 Malmsbury
901 3924 948 3973 has
965 3923 1048 3989 ficia]
1064 3925 1241 3988 Huntiugdon,
1252 3939 1279 3992 p.
1291 3931 1349 3976 389.
1361 3927 1448 3978 Com.

487 3993 562 4054 given
575 4009 608 4042 au
620 3997 728 4041 account
740 3992 770 4040 os
777 3993 820 4041 the
831 3994 948 4042 occasion
973 4008 1033 4056 pare
1049 3994 1188 4044 Ordericus
1198 3996 1301 4057 vitalis,
1312 4012 1338 4056 p.
1350 4001 1411 4048 919.

486 4062 568 4110 ofthis
577 4061 677 4122 quarrel
686 4061 899 4123 ofStepheuwith
906 4062 948 4111 the
1007 4061 1018 4092 ⁴
1030 4063 1145 4112 Neowere
1157 4068 1182 4112 et
1198 4065 1338 4129 [otforda]
1356 4067 1451 4117 New.

484 4131 605 4192 bishops3
625 4129 693 4180 Hist.
706 4131 798 4180 Novel.
809 4147 835 4194 p.
848 4135 904 4182 716.
972 4132 1019 4180 ark
1031 4133 1081 4180 and
1091 4133 1215 4183 Sleasord.

520 4196 659 4262 ‘Dium
679 4200 804 4261 Deviacs3
821 4199 913 4256 Gamd.
929 4201 947 4249 i.
1007 4197 1336 4270 ⁵Eodcm...tempore.]
1362 4204 1455 4256 Gorn-

486 4272 541 4317 198.
738 4275 743 4290 ”
972 4285 1033 4331 pare
1055 4271 1136 4321 Gesta
1155 4272 1289 4333 Stephani,
1310 4288 1354 4334 pp.
1379 4279 1453 4342 946,

521 4333 714 4400 'Accipimspac
732 4339 855 4387 msceres
865 4339 948 4401 ponti·
971 4353 1035 4402 seqq.
1048 4341 1110 4389 with
1122 4341 1292 4402 Malrusbury,
1303 4357 1330 4401 p.
1343 4348 1403 4394 796.
