3190 5202
519 505 564 570 50
702 473 706 484 ’
779 518 913 568 nocsnr
937 519 984 567 un
1006 517 1214 566 wnsnovua

362 691 418 733 Ab
383 693 486 781 rno'lm
522 677 675 760 ngena
696 677 852 754 matre‚'
842 697 879 740 ιη
900 675 1007 741 nobili
1026 674 1249 752 monasterio,
1266 675 1358 758 quod
1382 675 1484 738 Bur·

363 791 468 832 nmen
523 797 605 860 gum
630 783 862 858 nuncupetur,
891 775 1002 840 literis
1030 781 1066 839 et
1097 775 1340 840 ecclesiasticis
1371 774 1485 838 disei-

522 877 627 959 plinis
651 877 695 940 ad
719 876 858 959 plenum
873 874 1010 938 exstitit
1027 874 1193 938 eruditus.
1246 874 1333 957 Ejus
1354 880 1482 937 autem

521 983 685 1058 parentes
709 975 797 1039 adeo
813 973 971 1056 religioni
987 973 1185 1050 studebant,
1202 980 1242 1036 ut
1257 973 1367 1037 multo
1389 980 1482 1036 ante

522 1076 605 1140 vitee
634 1075 737 1138 linem
771 1073 966 1136 castitatem
997 1071 1156 1155 professi,
1189 1091 1227 1136 se
1256 1073 1300 1136 ab
1324 1072 1480 1135 invicem

523 1182 737 1258 separantes,
753 1174 817 1236 sub
832 1178 963 1235 sanctae
991 1171 1263 1235 conversationis
1283 1170 1403 1233 habitu
1421 1172 1481 1234 vi-

524 1280 596 1337 tam
619 1290 856 1337 consummare
889 1271 1101 1352 gauderent3
1133 1289 1280 1353 quorum
1311 1271 1479 1350 exemplo

525 1373 660 1454 etipse
690 1371 891 1435 adolescens
922 1371 1098 1446 incitatus,
1123 1376 1234 1432 matre
1257 1368 1292 1432 id
1320 1369 1477 1433 maxime

523 1469 764 1553 persuadente,
787 1469 941 1534 seculum
970 1470 1120 1551 reliquit,
1142 1475 1246 1550 atque
1269 1469 1305 1531 in
1328 1469 1477 1549 Wigor-

523 1571 636 1634 riensi
651 1570 874 1646 monasterio,
888 1569 924 1630 in
937 1587 1006 1650 quo
1022 1575 1058 1632 et
1069 1575 1149 1630 ante
1165 1575 1264 1648 pater
1273 1567 1349 1630 Deo
1364 1569 1477 1630 servi.

523 1677 611 1746 erat,
635 1668 864 1732 monachilem
887 1667 1043 1730 habitum
1071 1666 1223 1748 suscepit
1248 1667 1477 1730 avenerabili

523 1769 687 1850 episcopo
704 1766 858 1850 ejusdem
875 1766 1029 1828 ecclesiae
1045 1765 1225 1847 Britbego,
1241 1783 1263 1827 a
1277 1784 1346 1847 quo
1366 1766 1475 1828 etiam

524 1866 568 1929 ad
591 1866 736 1948 gradum
760 1865 963 1928 diaconatus
989 1875 1025 1927 et
1048 1865 1308 1946 presbyteratus
1333 1883 1475 1946 promo-

524 1971 593 2041 tuS,
618 1966 736 2029 statim
756 1965 792 2028 in
817 1965 893 2046 ipso
918 1963 1018 2026 initio
1039 1964 1182 2027 arduam
1195 1965 1357 2027 vitamet
1376 1965 1473 2027 omni

523 2064 749 2146 religiositate
774 2064 912 2147 plenam
934 2063 1158 2152 amplectens,
1172 2063 1208 2124 in
1224 2062 1364 2142 vigiliis,
1377 2062 1474 2145 jeju-

524 2165 590 2228 niis
606 2172 642 2229 et
657 2164 872 2229 orationibus
894 2160 1097 2237 indefessus,
1120 2168 1156 2224 et
1178 2161 1214 2223 in
1231 2162 1323 2224 omni
1344 2181 1474 2242 genere

523 2265 693 2328 virtutum
720 2263 883 2344 apparuit
908 2261 1023 2324 subito
1047 2260 1290 2323 admirandus:
1322 2259 1403 2323 hinc
1425 2262 1474 2324 ob

523 2381 657 2427 morum
685 2361 901 2441 disciplinam
933 2368 1050 2424 custos
1082 2360 1301 2435 novitiorum,
1332 2368 1476 2441 etpost

525 2460 570 2522 ob
591 2459 767 2522 solertiam
785 2459 1007 2522 ecclesiastici
1029 2457 1131 2522 officii
1148 2458 1395 2535 thesaurarius
1418 2479 1474 2522 as-

524 2558 696 2640 signatur.
747 2557 818 2635 Qui
842 2558 1002 2640 protinus
1023 2566 1146 2622 nactus
1163 2559 1376 2621 occasionem
1395 2558 1475 2622 Deo

526 2656 707 2733 serviendi,
737 2675 781 2720 ex
814 2656 972 2720 custodia
1002 2657 1157 2720 ecclesiae
1185 2657 1250 2719 sibi
1276 2657 1473 2735 commissa,

525 2764 637 2821 totum
654 2775 691 2819 se
707 2756 985 2836 contemplativae
1009 2757 1146 2838 impulit
1162 2756 1257 2833 vitae,
1272 2756 1328 2819 die
1349 2765 1474 2821 noctu-

526 2873 593 2936 que
607 2855 755 2918 0rationi
773 2861 808 2918 et
819 2854 944 2918 divinae
954 2855 1093 2918 lectioni
1109 2856 1283 2932 insistens,
1296 2854 1392 2919 bidui
1407 2858 1473 2919 tri-

526 2953 628 3017 duive
640 2953 775 3036 jejunio
798 2954 951 3016 membra
972 2953 1156 3017 imbecillia
1171 2956 1390 3034 macerabat3
1414 2976 1474 3018 sa-

526 3053 594 3115 cris
622 3071 759 3134 quoque
784 3051 912 3132 vigiliis
937 3053 973 3114 in
1000 3059 1135 3115 tantum
1160 3052 1296 3116 deditus
1323 3061 1409 3130 erat,
1433 3063 1473 3120 ut

525 3169 595 3213 non
620 3150 721 3214 modo
743 3156 890 3225 noctem,
907 3150 967 3213 sed
991 3151 1095 3213 etiem
1113 3171 1267 3232 persaepe
1283 3152 1373 3214 diem
1394 3172 1473 3217 cum

526 3255 637 3324 nocte,
665 3256 712 3325 et,
733 3242 839 3312 lsicut
865 3249 909 3313 ab
935 3250 1044 3331 ipsius
1069 3269 1128 3314 ere
1151 3249 1358 3326 audivimus,
1386 3271 1473 3334 qua-

526 3353 606 3410 tuor
622 3347 695 3409 dies
716 3365 795 3410 cum
819 3347 977 3412 noctibus
1002 3350 1076 3412 sine
1098 3368 1219 3411 somno
1240 3352 1471 3430 transegerit;

526 3446 616 3510 unde
630 3446 806 3511 exsiccato
822 3449 974 3524 cerebro,
990 3447 1180 3529 periculum
1192 3447 1394 3524 incurreret,
1404 3451 1473 3514 nisi

525 3545 678 3611 vicissim
702 3566 825 3628 sopore
841 3548 941 3629 quasi
965 3547 1146 3628 praelibato
1171 3553 1305 3610 naturae
1334 3549 1475 3612 satissa-

525 3662 602 3708 cere
619 3653 808 3710 maturaret
826 3666 834 3724 ;
858 3646 1005 3728 denique
1027 3665 1105 3710 cum
1122 3645 1158 3707 vi
1172 3652 1306 3708 naturae
1321 3646 1474 3711 domnire

523 3745 796 3825 compelleretur,
821 3763 892 3806 non
915 3745 1005 3808 lecto
1030 3753 1091 3809 aut
1111 3745 1322 3809 lectisternio
1346 3747 1391 3808 ad
1415 3767 1473 3811 so·

523 3860 643 3923 porem
669 3843 822 3905 membra
846 3841 962 3919 dabat,
986 3843 1045 3906 sed
1077 3844 1225 3907 lectione
1250 3844 1367 3907 divina
1390 3845 1474 3910 sati-

523 3948 627 4019 gatus
651 3948 826 4023 caputque
845 3947 1044 4004 sustentans
1070 3943 1247 4024 paulisper
1270 3961 1345 4006 sese
1371 3946 1473 4009 recli-

559 4203 565 4232 ¹
579 4207 690 4258 Sicut..
704 4207 880 4292 autumas]
892 4212 985 4263 ‘Quod
1008 4214 1090 4275 ipsius
1101 4229 1143 4264 ore
1154 4215 1202 4264 hoc
1213 4215 1397 4277 auderemus?
1408 4219 1473 4269 Sim.

523 4288 540 4322 a
550 4276 623 4323 nobis
633 4277 678 4324 rix
689 4278 874 4341 crederetur,'s1
886 4295 936 4330 nou
952 4283 984 4331 ab
1008 4283 1128 4334 Duuelnr.
1140 4285 1189 4333 eol.
1200 4288 1258 4335 190.
