3144 5180
392 542 530 594 enonas
555 541 824 596 nrsronrnnon.
1016 527 1086 596 273.

131 702 366 769 fundamentis
379 714 634 785 construxerat,
649 708 797 772 traditur
809 705 1011 788 sepulturae,
1020 705 1081 768 ubi
1094 714 1148 758 nv·
1160 717 1215 758 ¹1⁵⁴·

130 803 236 882 paulo
259 814 341 869 ante
358 805 515 870 Matildis
538 828 628 872 uxor
643 808 725 891 ejus
743 815 778 871 et
793 805 1003 871 Eustachius
1020 825 1079 874 eo-

130 920 205 962 rum
223 902 316 966 filius
334 912 418 969 sunt
430 907 570 989 sepulti.

182 1000 268 1063 Dux
283 1022 366 1067 vero
389 1004 670 1070 Normannorum
689 1006 877 1084 hienricus,
898 1005 1017 1071 audito
1037 1005 1079 1068 do
1092 1021 1210 1112 difflui

130 1106 242 1162 morte
270 1103 362 1183 regis
384 1104 536 1169 veridico
559 1107 692 1184 nuntio,
707 1107 803 1170 venit
821 1104 1078 1170 Barhefluvium
1107 1083 1149 1110 Η
1182 1082 1239 1120 ‘¹¹⁰'

129 1203 163 1259 et
179 1197 230 1260 ibi
246 1219 310 1282 per
323 1221 473 1266 mensem
497 1222 603 1268 unum
626 1205 669 1268 ad
692 1205 984 1270 transfretandum
996 1223 1079 1268 ven·
1154 1189 1157 1194 ¹

131 1301 205 1358 tum
223 1317 412 1381 congruum
430 1303 659 1385 exspectavit.
701 1304 786 1368 Erat
800 1305 936 1369 interim
953 1305 989 1366 in
1006 1300 1079 1366 An-

130 1395 202 1474 glia
219 1415 291 1480 pax
312 1402 558 1483 summa,qnod
577 1421 655 1466 raro
670 1403 841 1484 contingit
862 1403 1002 1484 regibus
1019 1402 1079 1465 de·

130 1492 273 1572 functis,
302 1499 346 1562 ob
371 1518 523 1564 amorem
550 1508 586 1564 et
610 1501 767 1564 timorem
797 1501 894 1564 ducis
921 1501 1078 1577 Henrici,

130 1611 234 1674 quem
261 1615 378 1662 omnes
404 1609 586 1663 venturum
618 1607 653 1663 et
680 1619 794 1681 regem
823 1600 975 1664 futurum
1000 1619 1078 1680 spe·

131 1693 268 1758 rabant.
321 1696 403 1761 Dux
428 1699 536 1780 igitur
557 1698 744 1775 fleur-icus,
762 1706 887 1763 octavo
907 1697 985 1762 idus
1007 1698 1078 1761 De-

132 1792 277 1857 cembris
304 1795 340 1857 in
368 1794 529 1878 Angliam
561 1798 712 1874 veniens,
740 1817 816 1860 cum
845 1817 971 1878 magno
997 1797 1079 1861 cleri

131 1898 166 1954 et
196 1893 320 1974 populi
358 1894 511 1978 tripudio
543 1905 712 1979 exceptus
746 1903 821 1974 est3
862 1905 896 1960 et
930 1891 1079 1960 ¹decimo

131 1998 259 2070 quarto
291 1991 460 2058 kalendas
489 1994 662 2071 Jannarii,
696 1995 751 2058 die
784 1995 968 2058 Dominica
999 2001 1079 2057 ante

132 2089 352 2156 nativitatem
372 2093 525 2171 Domini,
548 2095 640 2177 apud
666 2094 1013 2157 westmonasterium
1036 2091 1104 2155 ah'

131 2190 291 2253 omnibus
313 2211 375 2255 rex
402 2193 615 2258 acclamatus
639 2213 661 2256 a
686 2192 900 2270 Theohaldo‚
924 2191 1080 2256 cantua-

134 2287 238 2352 riensi
271 2290 543 2374 archiepiscopo,
565 2293 601 2355 in
628 2311 743 2374 regem
769 2298 823 2355 est
845 2297 1078 2361 consecratos,

133 2389 364 2467 praesentibus
390 2390 669 2473 archiepiscopis,
692 2391 861 2473 episcopis
886 2397 921 2454 at
944 2389 1081 2454 baroni-

134 2487 197 2548 bus
219 2489 320 2568 regni
342 2486 532 2570 Anglorum
556 2499 592 2555 et
616 2490 765 2553 ducatus
791 2490 1079 2554 Normannornm.

136 2582 207 2662 Qui
236 2587 402 2651 continno
426 2589 462 2651 in
484 2609 600 2670 regem
627 2596 806 2671 promotus
834 2589 940 2670 coepit
965 2587 1082 2670 injus

135 2685 310 2767 proprium
327 2706 490 2753 revocare
516 2691 631 2765 urbes,
653 2687 800 2752 castella
822 2695 857 2751 et
873 2687 987 2763 villas,
1004 2705 1082 2768 quae

135 2783 177 2845 ad
208 2803 372 2858 coronam
406 2790 629 2869 spectabant3
662 2794 778 2850 castra
804 2786 999 2850 adulterina
1025 2784 1084 2848 de-

135 2883 312 2960 struendo,
329 2884 553 2966 alienigenae,
568 2893 603 2950 et
621 2886 773 2950 maxime
786 2883 1025 2960 Flandrenses,
1041 2884 1083 2947 do

136 3000 243 3061 regno
269 2983 486 3064 expellendo,
512 2992 548 3047 et
577 2984 745 3067 quosdam
777 2983 1082 3066 pseudo-comites,

137 3080 261 3160 quibus
290 3102 351 3145 rex
382 3082 579 3165 Stephanus
612 3103 711 3166 paene
743 3083 857 3146 omnia
889 3081 932 3145 ad
964 3082 1082 3143 liscum

138 3180 346 3259 pertinentia
373 3183 486 3245 minus
512 3190 613 3246 caute
639 3182 843 3258 contulerat,
870 3178 1083 3262 deponendo.

139 3277 267 3342 Eodem
294 3298 384 3344 anno
410 3301 472 3344 rex
503 3281 824 3364 Hierosolymamm
852 3278 1085 3353 Baldewinus,

138 3378 280 3459 copioso
302 3379 402 3443 nimis
431 3381 586 3445 exercitu
616 3387 840 3461 congregato,
860 3372 1084 3445 ²Ascalonam

174 3612 600 3677 ¹Deeimoqaurto.]Gervasereads
625 3613 711 3661 would
730 3611 789 3660 here
807 3611 929 3670 certainly
948 3621 1044 3670 appear
1061 3613 1087 3658 to

141 3684 256 3732 ‘decimo
277 3683 367 3743 sexto,’
385 3685 431 3731 bnt
452 3685 474 3731 it
491 3697 551 3743 may
562 3679 600 3731 'be
624 3683 734 3730 indicate
745 3681 800 3729 that
810 3681 852 3729 the
866 3680 1010 3728 coronation
1026 3678 1087 3726 took

140 3753 212 3814 fairly
222 3752 335 3802 doubted
346 3752 459 3800 whether
470 3752 512 3801 the
523 3752 600 3800 monk
624 3751 697 3812 place
713 3766 745 3798 on
763 3750 804 3799 the
821 3749 935 3810 Sunday,
952 3747 1087 3807 according

140 3822 273 3884 originally
293 3821 398 3869 differed
417 3822 444 3869 in
462 3821 502 3870 his
525 3826 601 3869 state-
624 3825 650 3869 to
661 3821 703 3870 the
714 3818 822 3880 original
832 3819 962 3879 intention,
978 3816 1029 3865 and
1045 3815 1087 3864 tho

143 3896 208 3942 ment
217 3891 282 3939 from
292 3890 348 3938 that
357 3890 387 3938 of
397 3891 440 3938 the
449 3890 521 3938 other
531 3890 601 3939 chro-
626 3889 731 3949 Snnday
738 3889 764 3936 in
775 3888 826 3936 this
837 3902 898 3949 year
909 3887 953 3935 lell
965 3900 1033 3946 upon
1044 3884 1086 3934 the

142 3962 240 4017 niclers,
251 3960 321 4008 since
332 3960 359 4007 in
370 3960 412 4009 the
423 3964 478 4008 text
488 3959 530 4008 the
541 3973 601 4021 pas·
626 3960 677 4009 xiv.
689 3958 742 4007 kal.
754 3957 815 4006 Jan.
826 3973 855 4006 or
866 3957 925 4005 reth
935 3955 1001 4004 Dec.

143 4045 201 4092 sage
219 4042 281 4078 runs
303 4028 380 4089 thus3
399 4028 514 4076 ‘Deinde
537 4029 602 4076 Lon·
801 4061 803 4066 ,

142 4099 239 4147 doniam
251 4097 334 4159 petiit,
344 4098 460 4158 proxima
467 4097 604 4145 Dominica
662 4089 852 4161 ’Aacohnom.]
877 4091 931 4139 The
948 4090 1044 4151 history
1064 4091 1093 4138 oi

143 4173 198 4216 ante
225 4167 382 4215 nativitatem
410 4166 514 4215 Domini
535 4181 604 4214 coro·
628 4165 670 4212 the
692 4165 762 4225 siege
786 4164 814 4212 of
839 4160 949 4211 Ascalon
978 4174 1036 4219 may
1058 4160 1089 4206 be

142 4237 255 4294 nandus;
273 4235 434 4296 igitursexto
442 4236 540 4284 decimo
551 4234 605 4283 kal.
630 4233 707 4282 iound
724 4238 751 4281 at
774 4232 861 4294 length
882 4231 907 4278 in
929 4230 1042 4279 Willianr
1064 4226 1093 4278 ol

142 4300 410 4356 dancoronatnsest!
440 4299 605 4366 The‘igitur’
629 4304 888 4364 syreneaaseqq.
1144 4289 1149 4312 '

194 4395 272 4441 VOL.
291 4395 328 4440 ll.
918 4390 940 4436 T
