3138 5184
414 635 554 682 uacans
578 637 850 684 urs‘roamnuu.
1039 623 1102 685 181

156 790 275 870 coeptis
314 791 508 870 insistente,
547 795 663 858 David
701 795 883 858 subridens
922 797 1098 859 remeavit.
1113 810 1236 852 Adanu-

156 885 281 951 Eodem
314 909 406 956 anuo
435 911 498 956 rex
527 892 715 971 Henricus,
740 895 918 976 dispositis
945 895 981 958 in
1008 894 1100 959 Nor·

157 989 291 1051 mannia
329 991 432 1054 rebus
470 993 689 1070 necessariis,
715 993 759 1057 ad
790 993 955 1076 Angliam
988 1002 1102 1057 trans-

155 1085 300 1151 fretavit.

152 1321 155 1328 .
222 1261 313 1339 Quod
325 1284 380 1326 rea
393 1264 548 1328 Hearicas
563 1264 728 1330 Rodcrtm
734 1267 875 1351 fratrem
890 1288 979 1330 cuam
994 1267 1029 1331 in

412 1367 576 1449 campestri
585 1365 700 1449 prelio
716 1367 837 1451 capent.
1180 1449 1183 1456 Ι

156 1531 160 1538 .
199 1483 304 1549 Anno
329 1487 469 1551 Domini
492 1485 591 1552 mcvi.
618 1490 690 1553 dux
718 1489 1000 1554 Normannorum
1024 1490 1095 1554 Ro·
1110 1498 1232 1541 liv-¹¹⁰⁶·

156 1583 267 1646 bertus
292 1587 389 1650 veuit
416 1587 460 1650 ad
482 1587 623 1652 fratrem
645 1607 745 1651 suurn
767 1589 859 1671 apud
887 1549 1221 1672 Northamphghrryih

1110 1649 1239 1698 Norrnandy.

156 1689 268 1745 tonam
289 1685 516 1749 amicabiliter
534 1694 655 1769 petens
674 1689 717 1751 ab
735 1708 788 1764 eo,
804 1694 844 1753 ut
861 1688 1013 1752 ablatam
1031 1689 1097 1751 sibi

153 1779 339 1846 fraternam
363 1777 536 1848 ¹redderct
561 1787 731 1866 gratiam;
764 1788 824 1850 sed
852 1787 949 1850 Deus
979 1805 1096 1850 eorum

154 1881 342 1946 concordiae
373 1904 442 1947 non
472 1886 657 1948 consensit.
708 1879 816 1948 ²Dux
843 1893 959 1949 autem
986 1886 1096 1949 iratus

154 1982 304 2060 perrexit
326 1982 361 2044 in
386 1982 650 2060 Normanniam,
674 1991 708 2047 et
728 2004 791 2048 rex
817 1985 931 2067 ipsum
956 1991 1096 2048 secutus

153 2075 449 2144 Tenkerchebrai³
482 2081 660 2146 castellum
693 2083 839 2160 obsedit,
873 2084 1013 2147 trahens
1043 2101 1097 2145 se-

154 2195 225 2241 cum
249 2197 369 2243 omnes
392 2181 463 2243 fere
488 2200 647 2263 proceres
671 2181 896 2246 Normanniae
918 2190 954 2246 et
976 2180 1094 2246 Ande-

153 2279 274 2356 gaviae,
302 2279 408 2342 robur
435 2279 574 2361 Angliae
598 2288 634 2344 et
660 2280 927 2358 Britannicam
953 2281 1094 2344 fratrem

153 2374 349 2441 debellaret.
379 2377 487 2443 Venit
504 2380 621 2462 itaque
637 2379 708 2442 dux
726 2379 902 2444 Robertus
920 2379 1094 2447 Normau-

151 2475 258 2552 nicus,
277 2484 312 2540 et
330 2494 406 2540 cum
421 2497 462 2542 eo
477 2477 651 2542 Robertus
667 2479 709 2547 de
726 2479 908 2543 Beleasmo
922 2485 958 2542 et
972 2478 1094 2542 consul

154 2572 338 2639 Moretonii
366 2584 402 2640 ct
429 2577 489 2640 alii
518 2577 671 2640 lautores
694 2577 782 2661 ejus,
809 2586 849 2642 ut
880 2577 1092 2642 obsidionem

152 2673 323 2737 solverent
337 2675 548 2752 inchoatam,
562 2683 609 2752 et,
621 2677 774 2740 buccinis
785 2677 1092 2758 perstrepentibus,

153 2790 229 2834 cum
250 2775 372 2856 paucis
394 2775 522 2838 multos
544 2775 709 2838 audacter
730 2775 879 2854 invasit3
901 2783 978 2838 erat
1001 2775 1092 2837 enim

153 2879 318 2954 expertus
348 2873 385 2935 in
416 2873 746 2956 Hierosolymitanis
780 2873 1091 2954 congressionibus,

148 2970 240 3033 uude
258 2971 393 3052 regales
416 2992 603 3054 aggressus
625 2973 716 3036 acies
733 2972 869 3037 sortiter
886 2992 946 3035 eas
965 2970 1093 3054 repulit

151 3077 184 3132 et
199 3069 380 3134 horrende.
412 3071 610 3135 Willelmus
628 3071 861 3148 nihilomiuus
881 3089 996 3134 comes
1013 3069 1092 3134 Mo·

149 3169 284 3246 retonii,
311 3171 419 3233 aciem
441 3169 632 3250 Anglorum
653 3171 696 3234 de
718 3170 795 3233 loco
819 3171 855 3233 iu
879 3171 992 3232 locum
1015 3189 1092 3251 per-

150 3269 292 3330 turbans
311 3269 484 3350 promovit
501 3269 621 3332 atsere
640 3267 678 3331 in
693 3270 811 3350 sugam
828 3268 1013 3351 compulit;
1031 3267 1092 3329 sed

149 3382 213 3428 rex
227 3363 402 3431 Heuricus
414 3387 493 3433 cum
508 3369 580 3431 suis
594 3368 746 3444 aciebus,
759 3369 819 3450 qui
834 3368 967 3450 pedites
982 3373 1093 3440 erant,

148 3474 185 3528 ut
208 3469 424 3530 constantius
452 3473 659 3550 pugnarent,
678 3467 796 3548 fugam
819 3465 971 3528 cohibuit
993 3469 1093 3526 caete-

148 3584 263 3627 rorum
294 3573 330 3628 et
369 3585 428 3629 eos
459 3567 503 3629 ad
539 3585 692 3647 pugnam
730 3565 921 3643 solidavit3
954 3560 1095 3625 tandem

147 3665 238 3726 acies
261 3666 430 3746 equestris
453 3665 642 3727 Britonum.
659 3665 695 3726 in
718 3664 825 3726 aciem
848 3662 945 3725 ducis
968 3681 1013 3724 ex
1036 3659 1096 3723 ad-

161 3847 163 3851 ’
183 3842 193 3874 ¹
206 3847 327 3894 Redderrt
335 3847 473 3909 gratiam]
485 3847 553 3894 ‘Cui
565 3861 609 3896 rex
638 3849 720 3894 racter
730 3860 789 3906 may
800 3845 832 3894 be
844 3844 964 3905 gethered
974 3844 1038 3892 from
1053 3842 1096 3891 the

149 3915 248 3963 omnino
258 3917 426 3975 contradixit;
441 3931 519 3977 quare
528 3931 611 3964 comes
637 3916 808 3974 introductory
829 3927 954 3975 passage;
971 3915 1047 3960 ‘Rex
1059 3915 1097 3960 ta·

148 3985 228 4033 iratus
241 3985 346 4033 recessit
359 3990 385 4032 et
395 4000 463 4033 mare
479 3981 612 4034 transivit.‘
638 3985 704 4032 libus
719 3983 837 4044 alloquiis
856 3997 933 4042 super
950 3982 999 4030 mel
1017 3985 1043 4029 et
1060 3981 1097 4028 la-

150 4054 218 4102 Flor.
230 4053 262 4102 ad
274 4069 315 4102 an.
329 4057 402 4103 11⁰6.
500 4099 503 4104 ,
637 4068 696 4102 vum
717 4053 850 4113 oleumque
876 4049 981 4112 mellitis
996 4054 1022 4097 et
1036 4049 1098 4097 mol·

183 4117 300 4188 'Dur.]
325 4123 450 4172 Matthew
468 4123 543 4171 Paris
565 4123 612 4171 has
637 4122 688 4170 litis
698 4122 841 4178 blandiens,
850 4114 933 4169 dixit-¹

147 4191 256 4240 inserted
261 4192 321 4240 here
329 4193 514 4252 aconciliatory
520 4191 611 4252 speech
670 4189 681 4220 ³
694 4189 904 4251 Trokercbebrri.]
920 4187 972 4235 The
984 4185 1061 4234 battle
1073 4185 1102 4232 of

150 4260 224 4309 made
238 4261 325 4320 hythe
343 4262 406 4322 king
417 4266 442 4309 to
459 4261 499 4309 his
515 4261 612 4320 nobles,
636 4259 786 4308 'l'iuchebrai
797 4273 852 4307 was
862 4257 952 4319 fought
962 4269 1030 4317 upon
1047 4253 1099 4302 Mi·

149 4329 232 4377 before
252 4330 363 4392 quitting
383 4329 511 4392 England‚
527 4335 553 4378 b.»
569 4345 612 4378 en·
636 4329 763 4378 chaelmas
787 4342 842 4388 eve,
869 4327 911 4375 the
939 4326 999 4376 sarh
1027 4323 1098 4384 Sept.

150 4413 207 4446 sure
218 4399 283 4448 their
291 4401 472 4461 err-operation.
502 4399 540 4447 Its
551 4399 611 4448 cha·
637 4399 756 4447 Malmsb.
769 4411 794 4457 p.
807 4400 864 4445 625.
952 4406 966 4412 ·’
