3178 5194
468 517 535 584 376
708 531 844 580 acensi
868 532 915 580 un
940 531 1147 580 wnuoovun

308 703 431 747 anam.
470 693 533 752 rc'x
548 686 744 770 Anglordru
761 690 889 770 senior,
906 709 984 753 cum
1008 690 1163 753 audisset
1179 687 1339 753 militiam
1359 687 1421 752 Ri-

308 755 410 846 Pfifi'b
471 787 590 854 ohardi
620 788 683 852 filii
717 789 772 852 sui
804 791 923 854 urbem
963 789 1187 853 Santonicam
1220 807 1423 871 occupasse,

309 857 396 896 Μ’
471 886 619 969 sumptis
642 907 758 952 secum
782 888 1074 967 Pictavicnsibus,
1091 888 1135 952 ad
1152 886 1228 971 ejus
1250 887 1424 952 liberatio-

472 991 551 1052 nem
573 987 766 1068 processit3
790 988 927 1052 milites
947 988 999 1052 illi
1027 1007 1090 1052 nec
1113 987 1191 1052 Deo
1214 1005 1300 1051 neve
1323 1005 1424 1050 sanc·

473 1093 520 1150 tec
537 1085 691 1151 ecclesiae
712 1087 941 1152 reverentiam
961 1085 1175 1162 exhibentes,
1193 1085 1359 1169 majorem
1375 1086 1424 1149 in-

474 1184 584 1266 gressi
604 1185 796 1263 ecclesiam,
815 1187 994 1269 ipsamque
1013 1185 1049 1249 in
1066 1184 1247 1250 castellnm
1269 1184 1426 1266 redigen-

474 1291 540 1362 tes,
555 1285 661 1348 armis
675 1293 710 1349 et
725 1284 932 1351 victualibus
946 1285 1187 1367 impleverunt.
1207 1283 1296 1348 Cum
1309 1290 1425 1347 autem

474 1401 538 1452 rex
553 1382 672 1448 hostes
689 1384 726 1449 in
741 1383 852 1448 tribus
867 1383 1115 1448 munitionibus
1132 1382 1311 1449 considere
1325 1383 1427 1446 edoc-

475 1488 533 1544 tus
560 1481 695 1560 suisset,
721 1482 765 1546 ad
792 1501 852 1546 eos
879 1482 1113 1547 invadendum
1134 1501 1275 1564 operam
1296 1481 1426 1564 impen-

475 1579 547 1658 dit3
580 1580 715 1645 duabus
735 1581 844 1663 igitur
868 1582 1117 1646 munitionibus
1142 1580 1235 1645 illico
1259 1580 1424 1663 subjuga-

475 1679 533 1756 tis,
556 1679 601 1746 ad
630 1679 796 1764 maj0rem
824 1681 1004 1746 ecclesiam
1034 1681 1201 1746 militibus
1223 1678 1365 1760 armatis
1387 1688 1424 1744 et

475 1776 768 1844 lenocinatoribus
807 1779 969 1844 refertam
1003 1781 1164 1857 accessit,
1192 1780 1243 1843 ita
1280 1786 1321 1843 ut
1353 1798 1423 1842 non

477 1894 553 1940 eam
575 1877 808 1960 impugnaret,
826 1879 887 1943 sed
907 1898 929 1944 a
946 1877 1104 1944 sordibus
1126 1879 1307 1958 liberaret3
1331 1878 1427 1960 capti

478 1982 559 2039 sunt
581 1983 698 2040 autem
722 1978 853 2041 tamin
880 1977 1027 2043 ecclesia
1050 1997 1154 2061 quam
1178 1978 1215 2041 in
1241 1977 1318 2042 aliis
1339 1977 1427 2042 locis

478 2075 604 2140 milites
628 2076 812 2158 sexaginta
836 2095 914 2142 cum
940 2077 1129 2142 balistariis
1152 2076 1427 2160 quadringentis.

479 2173 611 2238 Positis
635 2175 742 2257 igitur
766 2176 804 2238 in
828 2175 1013 2241 securitate
1041 2175 1167 2240 finibus
1190 2175 1273 2255 illis,
1300 2195 1363 2240 rex
1389 2175 1427 2240 in

479 2271 730 2338 Normanniam
744 2294 903 2340 reversus
918 2283 972 2340 est
988 2276 1195 2341 necessitate
1212 2273 1427 2360 compulsus;

479 2367 678 2456 Philippus¹
691 2375 795 2452 enim,
807 2393 921 2440 comes
940 2375 1175 2453 Flandrensis,
1189 2381 1359 2458 praesente
1375 2395 1427 2438 re·

480 2489 524 2551 ge
548 2473 760 2537 Francorum
784 2459 971 2539 Lodovrico
999 2481 1036 2538 et
1057 2474 1245 2558 majoribus
1267 2473 1367 2556 regni
1388 2474 1427 2537 il-

476 2569 559 2647 lius,
577 2573 680 2636 tactis
702 2574 931 2640 sacrosanctis
954 2574 1106 2656 reliquiis
1123 2573 1318 2657 juraverat,
1335 2573 1426 2655 quod

479 2669 570 2732 infra
594 2669 667 2734 dies
693 2671 885 2754 quindecim
908 2679 988 2756 post
1009 2673 1143 2737 instans
1168 2673 1294 2737 t'estum
1316 2672 1429 2736 sancti

478 2766 503 2832 J
505 2767 652 2834 ohannis
676 2770 713 2835 in
740 2789 844 2835 manu
866 2773 1009 2838 robusta
1029 2771 1196 2853 Angliam
1223 2773 1372 2837 intraret
1393 2779 1429 2838 et

480 2867 572 2947 regis
605 2888 681 2932 eam
712 2868 854 2953 juvenis
887 2871 1072 2955 subjiceret
1107 2871 1285 2954 potestati.
1347 2870 1428 2949 Qua

415 3011 417 3016 -
479 2964 605 3030 fiducia
626 2988 689 3032 rex
704 2967 825 3051 junior
848 2977 980 3034 tractus
998 2970 1108 3053 pridie
1129 2971 1206 3034 idus
1223 2967 1247 3033 J
1251 2970 1312 3034 ulii
1333 2970 1426 3052 apud

479 3061 644 3129 Witsand
665 3067 774 3145 venit,
797 3067 1022 3153 Radulphum
1049 3069 1091 3133 dc
1117 3070 1153 3133 la
1176 3067 1269 3132 Haie
1293 3069 1329 3133 in
1353 3068 1427 3132 An-

411 3183 413 3186 ’
479 3162 587 3244 gliam
606 3185 683 3229 cum
709 3168 818 3232 multa
845 3169 970 3234 militia
995 3170 1281 3248 transmissurum
1311 3186 1426 3232 comes

481 3262 704 3329 Flandrensis
721 3273 893 3332 trecentos
907 3281 942 3332 et
955 3269 1145 3332 octodecim
1161 3267 1288 3332 milites
1305 3269 1426 3350 proba-

357 3353 359 3360 ’
478 3363 631 3427 tissimos
655 3364 698 3428 ad
724 3366 1017 3430 transfretandum
1046 3367 1224 3450 praemisit,
1246 3368 1307 3431 sed
1332 3375 1428 3451 post·

473 3481 582 3543 *quam
603 3464 694 3545 apud
708 3457 928 3530 ²Arewellam
945 3467 981 3530 in
998 3463 1162 3548 Angliam
1179 3475 1262 3530 sunt
1275 3466 1425 3548 appulsi,

474 3561 609 3625 decimo
624 3571 750 3628 octavo
767 3563 934 3628 kalendas
953 3565 976 3628 J
979 3565 1052 3641 ulii,
1070 3565 1174 3628 sociis
1192 3584 1310 3628 eorum
1327 3585 1428 3628 max-

477 3659 546 3722 ima
572 3680 617 3724 ex
645 3669 744 3743 parte
772 3664 989 3746 periclitatis,
1012 3663 1200 3745 Hugonem
1231 3663 1344 3746 Bigod
1366 3683 1425 3728 co·

385 3790 388 3804 ·
477 3759 595 3822 mitem
628 3778 743 3824 secum
774 3763 867 3826 illico
898 3770 1170 3846 assumpserunt.
1225 3761 1426 3830 Norwicum

475 3855 678 3922 invadentes
703 3869 869 3942 ceperunt
890 3868 926 3925 et
950 3860 1120 3926 infinitam
1144 3860 1224 3925 inde
1244 3861 1425 3944 pecuniam

476 3956 703 4033 sustulerunt,
723 3959 851 4024 multos
873 3960 1094 4025 abduxerunt
1116 3960 1274 4044 captivos
1295 3961 1426 4025 decimo

476 4061 600 4134 quarto
623 4053 790 4120 kalendas
814 4058 901 4123 Julii
929 4060 1028 4123 etad
1056 4059 1325 4142 redemptionem
1348 4079 1427 4141 gra·

511 4226 517 4253 ¹
530 4227 683 4291 Philippeo]
702 4229 805 4294 Diceto,
815 4232 862 4284 col.
876 4236 933 4282 575.
945 4231 950 4356 Ι
962 4301 987 4350 H
996 4229 1006 4258 ²
1016 4231 1170 4349 ¹¹s⁶ff⁸²¹ffl
1187 4229 1201 4304 ]
1230 4234 1336 4296 Arwell,
1366 4248 1426 4283 near

989 4314 1067 4351 arwrc
1087 4337 1093 4353 .
