3178 5194
467 549 534 616 886
725 541 861 608 nocant
885 559 933 607 nu
955 557 1163 607 wnunovnn

517 795 607 877 Quod
622 813 704 882 repes
718 794 856 860 eetruuee'
872 791 1025 858 discordes
1040 791 1121 878 repis
1133 791 1383 879 Araploramnsese
1564 815 1581 876 3

761 893 895 958 arbitrio
911 891 1144 957 subdideram.
1571 917 1581 956 ι

310 1036 440 1130 i'⁰t¹¹t⁷⁶
525 1013 642 1084 Cirea¹
656 1019 729 1084 dies
744 1013 1085 1094 istosbtldesonsus,
1097 1035 1160 1081 rex
1176 1014 1351 1094 castellae,
1366 1036 1428 1100 ge·

311 1138 453 1179 retroeunt
440 1140 536 1185 uer
561 1120 652 1202 regis
672 1117 824 1202 Angliae,
841 1125 878 1183 et
899 1111 1093 1193 ³Sanecius,
1113 1136 1176 1180 rex
1193 1115 1428 1193 Navarorum,

311 1190 376 1238 Μ’
313 1189 436 1279 οιῗῗιίιῖιιῐ
436 1235 450 1276 ι
475 1219 668 1284 avunculus
690 1219 779 1303 ejus,
801 1217 976 1284 discordes
998 1215 1224 1292 adinvicem,
1246 1217 1360 1280 missis
1382 1215 1429 1280 ad

314 1290 362 1330 ⁸⁸
348 1298 416 1328 ’Μ’
476 1339 594 1401 regem
614 1317 753 1400 Angliae
775 1317 914 1400 legatis,
936 1335 974 1380 se
996 1321 1149 1380 staturos
1168 1315 1263 1380 illius
1285 1315 1429 1380 arbitrio

473 1419 693 1533 jpraverunt.
742 1417 870 1482 Nuntii
886 1436 1023 1498 quoque
1043 1414 1136 1498 apud
1152 1414 1429 1479 Westmonaste·

479 1519 567 1582 rium
587 1518 829 1599 inpraesentia
853 1517 957 1598 regis,
977 1515 1229 1598 episcoporum,
1252 1515 1429 1593 comitum,

478 1619 660 1693 baronum,
675 1616 855 1680 constituti
869 1616 1122 1698 proponebant,
1135 1613 1197 1691 illi,
1210 1615 1270 1696 qui
1287 1632 1430 1678 causam

479 1715 660 1783 Aldefonsi
674 1715 766 1798 regis
777 1716 976 1790 tuebantur,
988 1714 1163 1790 sancium,
1176 1732 1291 1794 regem
1306 1713 1429 1778 Nave·

480 1835 608 1892 rorum,
631 1822 821 1879 memorato
843 1815 917 1896 regi
940 1812 1115 1891 castellae,
1134 1811 1215 1876 dum
1235 1811 1348 1877 adhuc
1367 1833 1434 1896 pu·
1508 1863 1512 1867 .
1579 1827 1582 1868 ι

482 1915 586 1999 pillus
605 1922 697 1979 esset
716 1921 752 1978 et
769 1913 957 1998 orphanus,
975 1912 1119 1976 castella
1138 1919 1174 1977 et
1194 1919 1318 1990 terres,
1341 1913 1434 1996 Log-

482 2015 614 2080 tonium
637 2013 809 2092 videlicet,
837 2014 1024 2090 Navarret,
1048 2010 1236 2088 Aethione,
1261 2011 1370 2094 Aptol
1397 2021 1434 2078 et

485 2113 639 2196 Agoseu,
664 2133 742 2177 eum
769 2113 986 2196 pertinentiis
1008 2111 1093 2188 suis,
1115 2131 1193 2194 quae
1217 2118 1318 2194 pater
1339 2131 1435 2191 suus,

485 2213 541 2278 die
555 2233 624 2296 quo
638 2213 797 2290 decessit,
815 2212 939 2296 etipse
953 2219 1033 2295 post
1046 2211 1181 2293 aliquot
1194 2230 1305 2274 annos
1318 2212 1435 2294 quiete

485 2313 698 2396 possederat,
724 2312 853 2396 injuste
877 2319 913 2377 et
934 2311 1106 2376 violenter
1125 2310 1322 2388 abstulisse,
1344 2310 1435 2397 unde

486 2412 626 2476 domino
647 2431 711 2476 suo
733 2412 988 2476 restitutionem
1010 2411 1085 2475 fieri
1106 2409 1350 2492 postulabant3
1384 2410 1436 2475 illi

487 2519 615 2588 autem,
637 2513 762 2594 quibus
780 2529 887 2575 causa
904 2510 1021 2574 Saueii
1043 2509 1136 2591 regis
1159 2510 1342 2574 commissa
1363 2509 1436 2575 fue-

487 2617 555 2687 rat,
580 2610 665 2674 nihil
687 2629 805 2674 eorum
828 2631 906 2693 quae
931 2611 976 2673 ab
999 2609 1076 2673 aliis
1098 2609 1278 2692 proposita
1299 2608 1437 2674 fuerant

488 2709 777 2786 contradicentes,
794 2710 997 2774 asserebant
1009 2707 1236 2773 Aldefousum
1252 2708 1436 2792 praefatum

490 2809 617 2874 Soneio
631 2809 883 2892 praenominato
899 2808 1055 2885 castella,
1069 2807 1179 2889 Legin
1191 2808 1333 2886 scilicet,
1347 2807 1438 2872 Por·

491 2907 551 2986 tel,
569 2915 605 2973 et
624 2906 804 2972 castellum
820 2907 914 2990 quod
931 2914 1027 2972 tenet
1044 2905 1174 2983 Godin,
1192 2926 1254 2991 per
1276 2927 1436 2990 guerram

492 3015 527 3072 et
550 3008 681 3091 injuste
703 3007 908 3089 abstulisse;
940 3014 1039 3091 parte
1063 3007 1175 3070 altera
1196 3007 1232 3070 in
1254 3007 1350 3071 nullo
1371 3008 1439 3071 sibi

492 3107 759 3182 contradicente,
785 3125 903 3171 eorum
931 3106 1070 3171 domino
1097 3125 1162 3170 suo
1194 3106 1269 3169 fieri
1300 3108 1441 3171 restitu-

492 3207 622 3272 tionem
641 3206 718 3290 pari
736 3207 905 3270 instantia
920 3205 1148 3288 flagitabant3
1166 3205 1278 3269 nuntii
1297 3214 1442 3288 praeter·

493 3325 535 3370 ea
554 3307 591 3371 in
606 3307 687 3391 jure
706 3306 853 3370 confessi
874 3313 957 3370 sunt
975 3306 1104 3388 palam,
1119 3305 1210 3369 inter
1230 3325 1329 3388 reges
1350 3323 1442 3388 pree-

493 3406 584 3470 latos
604 3412 745 3487 treugas
768 3406 931 3488 usquein
953 3405 1183 3488 septennium,
1203 3404 1270 3469 fide
1292 3403 1443 3488 iuterpo

493 3505 574 3582 sita,
589 3505 696 3568 luisse
713 3504 880 3569 firmatas.
933 3503 1014 3568 Rex
1036 3505 1144 3586 igitur
1160 3502 1366 3586 Anglorum,
1383 3505 1444 3569 be-

493 3605 567 3669 bito
588 3623 667 3668 cum
687 3605 868 3686 episcopie,
892 3604 1074 3668 comitibus
1097 3611 1132 3668 et
1154 3603 1341 3668 baronibus
1360 3623 1444 3668 eon·

494 3703 574 3767 cilio
592 3723 696 3786 super
716 3703 864 3786 querelis
883 3704 1101 3786 praetaxatis,
1118 3702 1198 3766 hinc
1215 3703 1296 3767 inde
1312 3703 1444 3769 violen-

456 3857 458 3862 .
494 3809 549 3866 ter
564 3809 599 3866 et
613 3802 742 3887 injuste
755 3795 894 3879 ablatis,
907 3823 986 3866 cum
1004 3801 1090 3866 nihil
1106 3810 1228 3866 contra
1243 3803 1445 3868 violentiam

495 3901 656 3985 utrinque
671 3902 885 3985 propositam
901 3921 923 3966 a
934 3909 1033 3984 parte
1045 3902 1215 3966 alterutra
1224 3902 1445 3985 respondere-

531 4124 540 4156 ¹
553 4127 627 4177 Circa
637 4127 690 4176 dies
706 4125 800 4191 istos]
816 4126 871 4176 'ibe
882 4127 959 4177 char·
1020 4121 1217 4194 'Aldefoaeas.]
1235 4127 1343 4178 Alsonso
1354 4127 1406 4178 111.
1421 4127 1452 4178 oi

495 4199 548 4246 tere
560 4197 698 4247 connected
705 4198 768 4246 with
779 4197 831 4248 tbis
843 4198 959 4258 question
985 4197 1092 4248 Gastille
1102 4197 1153 4246 bad
1161 4198 1271 4246 married
1281 4197 1323 4247 the
1334 4198 1449 4260 princess

495 4279 538 4314 are
549 4267 649 4328 printed
666 4267 700 4330 by
711 4268 815 4329 Rytner,
826 4267 846 4317 i.
858 4281 903 4330 pp.
915 4271 960 4316 ta·
986 4267 1120 4316 Eleauora.

496 4339 538 4384 to,
1021 4334 1182 4401 'Sanceiufl
1199 4351 1228 4385 or
1238 4336 1338 4388 Sanclro
1348 4337 1395 4388 v1.
