3104 5186
397 647 536 697 anonas
559 647 832 698 nrsronrnnun.
1020 631 1084 697 131

131 813 187 868 rat
214 806 280 868 sub
302 807 453 889 praeside
482 806 720 882 Corbaranno,
746 812 783 870 et
806 823 912 888 super
935 804 989 868 his
1011 819 1219 920 σπι-ἐξίῃ

131 906 231 968 nibus
256 906 395 970 dicebat
420 925 458 968 se
489 907 659 989 recepisse
681 905 822 969 nuntios
853 904 919 968 lide
944 905 1081 986 dignos.
1095 919 1244 961 trocmun-

133 1004 198 1067 Ille
224 1013 261 1068 et
286 1005 460 1089 principes
485 1007 613 1083 caeteri,
635 1005 736 1070 dictis
762 1005 839 1088 ejus
862 1004 963 1067 fidem
986 1003 1083 1068 adhi-

131 1095 265 1180 bentes,
286 1106 404 1168 soluta
423 1105 580 1187 protinus
606 1105 797 1182 obsidione,
817 1109 853 1167 et
871 1105 991 1168 urbem
1006 1103 1081 1168 Va·

134 1202 277 1266 lentiam
297 1211 528 1280 transeuntes,
553 1203 592 1266 M
595 1203 779 1280 aracleam,
802 1221 881 1284 quae
899 1203 1012 1284 prima
1027 1209 1081 1267 est

134 1322 177 1364 ex
199 1303 344 1367 urbibus
363 1302 554 1366 Phoeniciae
573 1295 773 1384 provinciae,
796 1301 957 1366 similiter
977 1303 1080 1365 sinis·

132 1407 279 1478 tranas,
294 1401 480 1465 Tortosam
495 1408 738 1483 pervenerunt,
756 1400 885 1465 atinde
901 1400 945 1463 ad
961 1402 1080 1464 urbem

132 1497 345 1564 archensem
380 1501 639 1582 progredientes
676 1507 793 1565 castra
823 1499 951 1576 ibidem
986 1500 1080 1564 loca·

133 1606 282 1680 verunt3
317 1601 442 1682 quibus
473 1619 656 1664 occurrens
686 1600 889 1664 Tancredus
924 1599 1080 1663 fraudem

135 1699 270 1762 comitis
295 1699 488 1763 Tholosani
510 1700 654 1777 detexit,
676 1699 768 1764 unde
790 1706 827 1762 et
844 1697 912 1781 ipsi
934 1699 1036 1781 louge
1058 1718 1081 1763 a

135 1799 292 1862 tentoriis
318 1799 393 1882 ejus
418 1817 573 1863 seorsum
599 1818 665 1862 sua
689 1799 916 1862 tabernacula
946 1805 1079 1864 statue-

133 1907 223 1963 runt.
275 1898 410 1962 Vidcns
428 1907 545 1963 autem
562 1917 677 1963 comes
695 1899 829 1964 animos
846 1899 1041 1982 principum
1059 1918 1081 1962 a

136 2018 170 2061 se
200 1998 384 2075 alienatos,
415 1999 528 2062 missis
561 1999 772 2075 muneribus
804 2017 923 2062 omnes
954 2006 1081 2080 praeter

135 2097 349 2161 Tancredum
365 2098 431 2161 sibi
445 2098 693 2180 reconciliavit.
742 2098 879 2162 Deinde
894 2097 1080 2180 principes,

135 2197 252 2261 relicto
294 2198 331 2261 in
361 2197 539 2261 obsidione
572 2195 743 2260 Archensi
777 2194 977 2261 Albariensi
1011 2196 1081 2279 epi-

137 2315 251 2379 scopo,
277 2296 424 2378 aliisque
445 2297 529 2361 viris
553 2296 740 2373 nonnullis,
766 2313 888 2360 versus
911 2295 1081 2379 Tripolim

137 2396 274 2476 agmina
297 2396 518 2475 direxerunt3
547 2415 616 2477 quo
638 2393 878 2479 pervenientes
900 2395 1082 2477 praesidem

137 2494 200 2560 loci
229 2495 325 2558 illius
359 2513 437 2558 cum
469 2496 632 2558 universa
667 2494 888 2559 multitudine
929 2495 1081 2559 civitatis

137 2594 301 2658 ordinatis
326 2595 521 2678 agminibus
545 2601 760 2677 repererunt,
782 2593 874 2657 unde
899 2594 1010 2658 nostri
1030 2594 1082 2658 in.

138 2693 318 2775 dignantes
341 2695 516 2758 irruerunt
540 2693 577 2756 in
602 2712 662 2757 eos
692 2693 830 2769 acriter,
853 2700 888 2759 et
911 2694 1081 2776 inprime

136 2792 264 2876 impetu
290 2793 468 2856 dissolutis
494 2793 643 2858 catervis
665 2812 725 2856 eos
753 2793 797 2856 ad
823 2794 943 2856 urbem
970 2793 1081 2857 redire

138 2893 358 2976 compellunt,
384 2891 611 2975 septingentis
637 2911 682 2956 ex
706 2893 756 2954 eis
780 2892 897 2974 gladio
921 2891 1082 2956 interlec-

139 2991 200 3071 tis3
228 2992 346 3073 ibique
368 2999 449 3056 ante
471 2991 639 3074 Tripolim
659 2992 921 3056 celebraverunt
943 2991 1082 3055 Pascha

138 3092 309 3172 peregrini
344 3098 469 3173 quarto
506 3091 584 3154 idus
616 3090 760 3173 Aprilis.
817 3092 918 3155 Tunc
953 3110 1081 3173 praeses

137 3189 385 3271 Tripolitanus,
414 3208 627 3270 cognoscens
653 3189 743 3272 quod
769 3209 839 3253 nou
864 3191 979 3271 potuit
1003 3209 1081 3254 cum

139 3291 263 3354 nostris
297 3308 320 3352 a
346 3290 422 3372 pari
455 3289 673 3367 contendere,
701 3290 808 3352 missa
840 3288 1026 3370 legatione,
1061 3308 1082 3352 a

137 3390 347 3472 principibus
373 3389 534 3464 obtinuit,
562 3395 614 3464 ut,
640 3388 730 3452 datis
759 3388 953 3471 quindecim
983 3407 1083 3452 aure·

138 3508 232 3550 orum
256 3488 420 3565 millibus,
436 3507 514 3550 cum
537 3488 647 3570 equis,
662 3488 776 3565 mulis,
799 3488 917 3551 sericis
939 3495 975 3551 et
990 3487 1084 3551 vasis

138 3587 308 3667 pretiosis,
346 3605 470 3668 greges
503 3594 538 3651 et
573 3595 730 3651 armenta
765 3587 869 3651 etiam
906 3586 1084 3651 conferens

140 3687 296 3766 plurime,
311 3706 429 3749 eorum
443 3687 529 3749 fines
543 3685 686 3768 pacifice
701 3687 962 3768 pertransirent.
985 3687 1085 3752 Tunc

141 3788 247 3849 nostri
274 3787 448 3850 maritima
469 3792 664 3868 sequentes,
689 3787 778 3869 juga
807 3787 935 3851 montis
962 3786 1086 3850 Libani

142 3905 162 3947 a
189 3886 338 3949 sinistris
377 3886 545 3948 habentes
580 3886 800 3969 Bibliumque
835 3893 1086 3968 percurrentes,

142 4003 242 4066 super
260 3985 372 4066 ripam
393 3985 510 4061 mariS,
527 3984 562 4046 in
580 3985 668 4061 loco,
687 3985 743 4048 cui
763 4005 888 4049 nomen
906 3992 960 4049 est
982 3985 1087 4049 Ema-

144 4102 195 4159 us,
217 4092 332 4148 castra
353 4091 577 4163 statuerunt;
606 4084 685 4148 inde
705 4084 761 4147 die
785 4086 888 4149 tertia
911 4092 991 4148 ante
1015 4078 1089 4147 ¹ur·

145 4181 217 4244 bem
242 4184 451 4248 Britensium
480 4185 729 4261 castrametati,
757 4185 915 4267 sequenti
941 4185 996 4247 die
1024 4184 1088 4266 Sy·

163 4329 286 4452 a:ffllq'qunr
304 4331 493 4403 Britensium]
512 4337 622 4398 Berytus
638 4353 667 4386 or
689 4338 818 4399 Beyrout;
847 4351 889 4386 see
912 4335 1040 4396 Pococke,
1061 4334 1089 4383 ii.

148 4417 161 4462 p
206 4419 224 4454 1.
267 4441 273 4454 .

939 4504 983 4548 112
