3138 5184
458 556 523 620 186
713 572 844 619 nocam
869 572 916 618 nu
939 571 1146 620 waauovmr

298 741 352 780 ro.
364 743 419 782 ¹¹⁰⁹·
457 729 523 792 fuit
539 729 647 792 abbas
665 726 700 790 in
721 727 846 804 insula,
863 735 898 791 et
914 727 1082 791 comitatu
1098 727 1140 790 de
1156 725 1407 804 Cantabregge

458 829 620 910 episcopo
636 826 870 890 lincolniensi
893 827 1083 903 subtracto,
1100 825 1181 888 huic
1202 843 1294 888 novo
1316 842 1408 905 pon-

458 925 542 992 tifici
558 927 635 1007 lege
651 926 836 990 diocesano
847 926 1030 1016 subjicitur
1044 925 1241 989 comitatus.
1274 921 1408 988 Eodem

456 1033 611 1108 tempore
637 1026 674 1088 in
699 1024 865 1106 parochia
896 1024 1058 1106 [regiensi
1085 1041 1192 1106 porca
1215 1021 1409 1105 porcellum

456 1127 561 1189 enixa
591 1131 645 1188 cst
674 1123 797 1188 faciem
825 1123 972 1187 hominis
999 1123 1194 1199 habentem,
1221 1129 1257 1186 et
1287 1119 1407 1203 pullus

457 1223 597 1304 gallinae
614 1222 811 1305 quadrupes
827 1229 930 1286 uatus
947 1229 1013 1287 est.

539 1393 628 1473 Quod
647 1393 851 1458 Boosmoadas
870 1401 986 1457 torrem
1002 1392 1111 1456 Aleaic'
1127 1392 1324 1478 inperatoris

820 1491 1035 1578 depopulator.

295 1690 307 1717 ο
328 1641 356 1717 ¹³0
372 1640 421 1720 Φου
508 1608 625 1678 Circa¹
637 1615 701 1679 hos
717 1615 864 1697 denique
878 1616 951 1679 dies
967 1614 1204 1691 Boamundus,
1214 1614 1408 1679 Antioche-

295 1739 344 1768 mon
361 1757 366 1768 .
456 1732 579 1776 uorum
595 1715 769 1798 princeps,
786 1734 916 1780 memor
931 1713 1135 1798 injuriarum
1150 1733 1237 1795 quas
1254 1714 1407 1780 Alexius

455 1812 654 1894 imperator,
680 1815 733 1878 vir
753 1814 951 1878 maliciosus
976 1820 1011 1877 et
1031 1832 1192 1894 nequam,
1212 1815 1407 1895 peregrinis

457 1909 736 1995 Hierosolymam
753 1913 901 1977 transire
917 1912 1113 1976 volentibus
1135 1912 1210 1976 siue
1228 1913 1405 1978 intermis-

456 2010 552 2074 sione
577 2011 766 2094 irrogabat,
793 2031 1007 2076 commuuem
1029 2011 1149 2078 voleus
1171 2011 1291 2076 ulcisci
1316 2031 1405 2095 que·

456 2111 650 2187 rimouiam,
678 2112 833 2194 equitum
862 2111 1013 2192 quinque
1041 2110 1150 2174 millia
1180 2117 1217 2174 et
1246 2111 1404 2192 peditum

455 2210 687 2291 quadraginta
710 2211 818 2274 millia
832 2211 984 2274 virorum
1001 2208 1143 2274 fortium
1162 2212 1405 2290 congregavit,

455 2315 491 2371 et
517 2315 641 2373 terram
667 2309 751 2374 dicti
772 2309 990 2392 imperatoris
1020 2308 1193 2374 hostiliter
1223 2309 1404 2389 ingressus

454 2408 635 2479 universas
660 2427 760 2489 paene
783 2408 972 2472 maritimas
998 2408 1100 2470 urbes
1118 2407 1155 2470 iu
1174 2407 1403 2490 direptionem

455 2505 561 2581 dedit,
586 2525 789 2590 omnemque
817 2506 961 2589 Epirum
991 2506 1221 2588 depopulatus
1244 2514 1298 2572 est
1326 2514 1401 2574 tem

453 2604 599 2686 primam
617 2623 722 2687 quam
748 2606 955 2686 secundam
978 2612 1014 2670 et
1027 2605 1167 2668 tandem
1183 2605 1401 2670 Durachium

453 2703 628 2779 obsidens,
648 2703 746 2786 Epiri
759 2706 879 2787 primae
896 2704 1125 2786 metropolim,
1141 2705 1316 2784 regionem
1332 2725 1401 2768 un·
1444 2783 1448 2792 ⁴

453 2800 556 2883 dique
585 2803 751 2867 incendiis
780 2803 997 2886 consumpsit
1033 2810 1069 2868 et
1100 2803 1243 2884 rapinis.
1292 2803 1401 2881 Quod
1488 2856 1491 2861 .

453 2900 598 2964 audiens
630 2901 817 2984 imperator
839 2923 918 2966 cum
947 2902 1081 2982 ingenti
1103 2902 1227 2966 militia
1259 2902 1294 2966 in
1316 2923 1400 2968 suc-

427 3020 429 3028 ·
452 3018 591 3067 cursum
612 3001 731 3081 venit3
755 3001 828 3079 sed,
851 3001 1160 3066 intervenientibus
1182 3001 1314 3078 amiciS,
1332 3003 1401 3066 im,

453 3104 592 3178 perator
608 3099 721 3163 soedus
739 3101 815 3163 iniit
832 3119 910 3163 oum
927 3119 981 3175 eo,
995 3099 1208 3183 interpositis
1221 3102 1401 3183 juramen*

454 3196 512 3272 tia,
525 3198 618 3279 qnod
628 3198 722 3263 ultra
733 3198 863 3263 Christi
879 3199 1037 3264 fidelibus
1051 3200 1088 3262 in
1102 3199 1268 3263 orientem
1279 3207 1398 3264 trans·

453 3295 503 3358 ire
536 3297 731 3361 volentibus
773 3299 848 3361 sine
889 3298 1010 3361 fraude
1043 3297 1223 3361 consilium
1255 3297 1299 3361 ad
1329 3299 1400 3364 iter

453 3396 685 3476 peragendum
703 3403 738 3460 et
760 3397 928 3460 auxilium
950 3397 1175 3472 ministraret,
1192 3403 1239 3473 et,
1262 3398 1311 3462 sic
1329 3397 1398 3462 foe-

452 3493 532 3556 dere
560 3495 775 3572 confirmato,
800 3495 891 3560 idem
920 3494 1144 3560 Boamundus
1171 3496 1207 3559 in
1230 3494 1398 3577 Apuliam

451 3591 640 3670 descendit,
670 3593 897 3657 familiaribus
926 3594 1075 3674 negotiis
1106 3601 1281 3658 evocatus.
1335 3595 1399 3660 Se·

451 3699 577 3772 quante
597 3712 679 3755 vero
702 3699 824 3755 aestate
847 3692 928 3755 dum
944 3692 1165 3756 Antiochiam
1189 3693 1299 3756 redire
1322 3694 1396 3758 dis·

449 3797 604 3870 poneret,
619 3789 727 3872 copiis
750 3791 955 3854 militaribus
976 3791 1127 3872 undique
1149 3791 1315 3868 collectis,
1331 3812 1396 3857 va-

448 3886 519 3950 lida
545 3889 750 3969 aegritudine
777 3898 955 3972 correptus
975 3889 1105 3953 inlata
1124 3891 1315 3968 concessit3
1339 3912 1396 3956 re·

447 3984 531 4048 licto
549 3987 632 4064 filio,
648 3989 787 4074 nomine
802 3988 1019 4065 Boamundo,
1038 4009 1139 4071 quem
1157 4007 1201 4051 ex
1220 3987 1395 4052 Constan-

483 4182 491 4214 ¹
505 4184 664 4236 Circulos..
678 4186 771 4249 .dier.]
781 4186 919 4272 Compare!¹
932 4199 1000 4246 upon
1011 4185 1055 4233 the
1073 4185 1118 4232 eth
1129 4185 1158 4234 of
1166 4185 1276 4234 October
1277 4199 1323 4245 ,.p
1334 4190 1395 4246 798,

446 4253 557 4302 William
574 4255 603 4304 oi
618 4256 694 4316 Tyra,
705 4255 762 4303 who
780 4269 840 4316 says
853 4233 994 4328 thutlwith
1007 4254 1118 4310 Gibhon‚
1131 4255 1180 4304 vol.
1191 4254 1228 4304 xi
1239 4269 1265 4314 p.
1277 4257 1319 4304 99.

444 4322 487 4370 the
508 4324 653 4383 expedition
671 4339 725 4372 was
748 4325 922 4374 commencedl
