3104 5186
394 563 536 610 rmnns
559 561 828 611 nrsronrnnon.
1047 545 1093 610 93

150 717 290 797 Turcns,
319 719 380 802 qni
410 720 454 782 de
482 719 615 784 familia
643 718 757 782 suerat
791 719 910 800 magni
945 717 1088 783 Soldeni
1102 736 1158 776 no.
1168 735 1225 777 ιιιι.

152 816 339 896 Persarum,
362 819 501 882 nomine
522 817 696 895 Belsecho,
714 816 775 901 qni
797 819 996 901 provincias
1010 785 1254 882 diesim

150 936 261 981 omnes
280 938 356 994 suo,
378 918 535 999 expulsis
558 916 778 994 Christianis,
800 918 1033 1001 subjugavit
1023 939 1090 982 rm·

149 1018 251 1097 perio.
303 1017 443 1082 Placuit
466 1019 586 1098 itaque
608 1016 821 1099 principibus
838 1017 1026 1081 occidentis
1049 1025 1090 1082 nt
1151 1029 1158 1042 '

149 1115 192 1178 ad
223 1117 336 1180 urbem
363 1117 567 1180 aecedentes
591 1135 667 1179 eam
692 1115 872 1180 obsidione
895 1117 1089 1196 vellerent3

148 1215 232 1278 unde
244 1216 320 1278 urbi
334 1217 667 1298 appropinquantes,
688 1214 820 1280 decimo
835 1215 958 1298 quinto
973 1215 1091 1279 calen-

148 1314 207 1376 das
227 1313 435 1379 Novembris
456 1316 548 1378 acies
567 1316 604 1378 in
626 1334 750 1398 gyrum
770 1315 808 1377 in
831 1314 925 1378 hunc
948 1315 1090 1379 modum

148 1413 348 1496 disponunt3
384 1432 462 1477 cnm
495 1415 604 1495 igitur
639 1412 792 1497 quinque
828 1421 944 1478 essent
978 1422 1091 1496 porte

147 1513 303 1591 civitatis,
324 1533 474 1595 quarum
498 1514 577 1576 dnae
596 1520 740 1597 propter
758 1513 909 1578 fluminis
929 1514 1089 1578 vicinita-

147 1619 210 1676 tem
231 1633 301 1677 non
323 1620 486 1695 poterent
510 1612 673 1689 obsideri,
696 1613 827 1676 dimisit
851 1613 930 1676 illes
955 1614 1090 1676 exerci-

148 1719 200 1774 tus
216 1714 425 1788 inobsessas,
448 1712 589 1794 reliquis
610 1713 720 1775 tribus
743 1711 922 1776 obsidione
937 1712 1088 1777 vellatis.

147 1805 373 1893 Superiorem¹
401 1811 509 1892 igitur
531 1817 666 1893 portam
690 1810 826 1874 obsedit
850 1811 1088 1888 BoemunduS,

147 1930 218 1974 oum
235 1911 289 1974 his
313 1909 375 1992 qni
394 1911 438 1973 ab
455 1911 557 1974 initio
573 1910 713 1974 suerent
728 1911 805 1995 ejus
822 1917 939 1974 castra
957 1911 1088 1974 secuti:

142 2009 241 2091 juxta
271 2030 353 2074 eum
383 2009 473 2073 sedit
500 2010 575 2072 dux
599 2009 635 2072 N
638 2029 884 2074 ermannorum
913 2009 1089 2074 Rohertus

147 2116 179 2172 et
207 2129 322 2173 eomes
355 2109 580 2172 Flandrensis
612 2128 691 2171 cum
723 2109 827 2173 sociis
858 2109 944 2186 suis,
977 2110 1038 2190 qui
1067 2128 1091 2174 a

146 2211 261 2272 castris
278 2209 475 2273 Boamundi
489 2226 599 2289 usque
616 2208 660 2271 ad
675 2215 812 2289 portem
827 2207 933 2272 Canis
950 2207 1090 2290 agmine

145 2309 422 2392 conjunxerunt:
450 2307 557 2391 juxte
590 2306 670 2370 illos
702 2307 992 2371 continuaverunt
1026 2309 1090 2371 ob·

145 2408 306 2471 sidionem
334 2427 451 2470 eomes
474 2406 695 2471 Tholosanns
721 2414 757 2470 et
777 2407 961 2489 episeopus
983 2405 1089 2470 Podi·

145 2509 229 2570 ensis
259 2506 437 2582 Aimerus,
466 2525 544 2568 oum
573 2506 650 2569 aliis
677 2505 860 2581 nobilibus,
887 2506 947 2588 qui
970 2525 1088 2570 eorum

145 2605 276 2670 fuerant
299 2605 429 2671 vexillo
453 2606 588 2669 secuti:
620 2605 727 2689 juxta
750 2623 810 2668 eos
830 2604 993 2668 sederunt
1010 2605 1088 2668 aliis

145 2706 293 2787 copulati
306 2704 380 2767 dux
396 2703 617 2782 Gadesridus,
635 2703 894 2768 cumfratribus
911 2705 984 2767 suis
999 2703 1089 2768 Eus-

145 2805 253 2868 tochio
269 2811 306 2868 et
321 2803 534 2879 Bnldewino,
549 2811 585 2867 et
600 2803 677 2866 aliae
694 2803 848 2884 legiones
864 2802 995 2880 multoe,
1010 2821 1091 2885 queo

144 2903 252 2985 ipsum
268 2903 370 2986 qnasi
386 2910 554 2966 rectorem
571 2903 710 2966 suerent
725 2903 933 2968 subsecutae.

187 3079 405 3155 Boommedos,
422 3079 574 3144 eideolrke
588 3100 735 3164 querens,
750 3078 860 3142 melios
879 3077 1051 3142 Terrorem

533 3178 696 3263 interfecit.

190 3301 343 3365 Civitate
358 3301 499 3382 itaque
489 3321 525 3364 ιιι
535 3301 776 3366 huncmodum
789 3301 941 3378 obsessa,
953 3300 1090 3364 locove·
1076 3306 1200 3396 -ῗιῇοοζ

143 3409 220 3464 runt
233 3400 438 3463 machinas'
428 3421 465 3463 ιιι
481 3400 566 3464 locis
581 3403 796 3483 opportunis,
810 3401 981 3482 petrarias
998 3400 1092 3463 scili-

143 3507 206 3576 cet,
222 3493 444 3563 ²trubuoulos
454 3507 489 3563 et
498 3500 749 3581 mangonellos,
761 3519 805 3563 ex
817 3501 940 3581 quibus
949 3500 1087 3562 crebros

142 3597 272 3680 lapides
288 3600 492 3662 emittebant
507 3607 541 3663 et
563 3599 759 3675 damnosos„
783 3619 861 3681 quae
884 3598 1016 3663 civibus
1037 3598 1090 3660 in-

143 3697 245 3761 clusis
255 3706 422 3762 terrorem
433 3717 502 3761 non
510 3699 690 3762 minimum
699 3699 930 3762 incusserunt.
954 3696 1091 3760 Castel-

139 3911 204 3972 right
214 3926 288 3960 name
299 3925 409 3973 appears
420 3915 445 3960 to
460 3911 524 3960 have
539 3912 602 3960 been
628 3911 691 3960 torio
713 3913 826 3973 ejusdem
848 3913 955 3972 apostoli
977 3913 1002 3959 in
1025 3913 1093 3962 clivo

141 3979 288 4042 Baghisian,
305 3996 334 4028 or
350 3981 528 4042 Akhy-Syen;
551 3981 603 4028 Mi·
628 3981 720 4030 montis
729 3983 820 4044 posito,
832 3982 866 4029 sit
876 3977 1006 4044 subjectn.’
1018 3982 1092 4036 Will.

141 4048 230 4110 cheud,
242 4051 260 4099 i.
272 4065 299 4110 p.
311 4052 371 4111 267,
380 4055 446 4100 note.
628 4051 687 4112 Tyr.
698 4066 724 4112 p.
734 4054 791 4100 689.

174 4117 350 4183 ¹Snperiorem
372 4118 452 4180 igiter
472 4115 601 4187 portem]

140 4187 220 4240 ‘011ae
237 4189 272 4238 ad
288 4190 410 4237 orientem
427 4190 539 4250 respicit,
550 4194 604 4237 erat
663 4185 674 4215 ²
692 4185 867 4258 Promotou]
884 4206 901 4239 ιι
911 4190 974 4238 kind
986 4190 1015 4239 oi
1022 4195 1090 4239 cata-

141 4264 210 4318 portn
237 4273 299 4319 une,
327 4273 387 4319 quae
415 4258 489 4307 hodie
510 4259 605 4308 dicitur
629 4259 701 4319 pult:
720 4273 761 4308 see
772 4259 817 4309 Du
834 4261 937 4322 Fresne,
950 4260 1037 4310 Gloss.
1056 4260 1091 4309 ed

141 4331 217 4377 saneti
241 4329 330 4390 Pauli,
357 4342 388 4376 eo
416 4329 484 4388 qnod
506 4342 604 4378 mones·
630 4343 680 4377 voe.
691 4328 821 4380 Tribulus.
