3144 5180
465 541 531 606 294
721 555 856 602 aucum
880 555 927 601 nn
950 554 1160 602 wnnoovnu

308 736 364 778 nn.
375 736 431 776 nu.
468 710 663 776 coenobium
677 709 771 773 beati
786 707 916 773 Albani
931 711 1198 792 protomartyris
1213 708 1426 791 Anglorum,

470 812 627 877 Roberto
651 809 694 873 de
720 808 908 873 Chaisneto
940 809 1102 896 episeopo
1127 817 1265 892 agente,
1287 818 1322 874 et
1348 810 1426 874 Ro-

469 913 569 975 berto
584 910 628 973 de
644 907 811 986 Gorham,
836 909 962 971 abbate
983 908 1026 973 de
1053 916 1175 973 sancto
1190 908 1342 986 Albano,
1363 909 1426 972 de·

471 1010 645 1086 serdente,
672 1009 708 1072 in
736 1007 920 1092 praesentia
941 1007 1033 1089 regis
1059 1007 1204 1073 Henrici
1224 1009 1365 1073 secundi
1389 1015 1426 1072 et

473 1108 822 1191 archiepiscoporum,
839 1106 984 1171 Thomae
1013 1106 1273 1172 Cantuariensis
1293 1115 1328 1172 et
1351 1107 1428 1171 Ro-

474 1209 548 1290 geri
571 1207 812 1284 Eboracensis,
838 1213 874 1270 et
891 1206 1142 1289 episcoporum,
1166 1207 1310 1270 Henrici
1325 1206 1429 1272 Win-

476 1307 655 1385 toniensis,
672 1305 840 1371 Willelmi
863 1305 1112 1383 NorwicensiS,
1136 1306 1159 1370 J
1163 1307 1286 1370 ocelini
1306 1305 1430 1370 Sanes-

475 1407 655 1484 beriensis,
668 1405 915 1470 Bartholomaei
933 1404 1153 1484 Exoniensis,
1171 1404 1300 1470 Hilarii
1312 1404 1430 1470 cices-

478 1505 617 1582 trensiS,
637 1503 801 1586 Hugonis
822 1503 1078 1582 DnuelmensiS,
1098 1505 1265 1569 Richardi
1290 1504 1430 1569 coven-

480 1604 617 1680 trensis,
633 1602 803 1667 Gileberti
824 1602 1104 1682 Herefordensis,
1124 1611 1160 1668 et
1184 1603 1363 1668 Godefridi
1383 1604 1430 1667 de

479 1710 600 1767 sancto
629 1701 764 1785 Asapb,
791 1711 962 1785 praesente
992 1704 1097 1767 etiam
1124 1704 1280 1768 Roberto
1302 1703 1431 1766 comite

481 1803 754 1882 Legecestrensi,
765 1801 962 1885 justiciario
975 1800 1127 1884 Angliae,
1141 1823 1218 1868 cum
1232 1803 1431 1879 comitibuS,

480 1903 680 1980 baronibus,
698 1902 893 1980 abbatibuS,
912 1901 1174 1979 archidiaconis,
1192 1911 1228 1967 et
1248 1903 1433 1966 innumera

482 2003 585 2066 turba
598 2002 707 2083 regni,
722 2001 812 2084 apud
828 2001 1188 2080 westmonasterium,
1206 2002 1292 2066 feria
1307 2002 1434 2084 quinta

482 2103 643 2184 proxima
669 2108 749 2165 ante
778 2101 974 2183 passionem
1000 2101 1154 2178 Domini,
1176 2102 1211 2164 in
1238 2101 1329 2165 hunc
1354 2120 1432 2165 mo-

483 2201 584 2280 dum;
615 2201 827 2278 ‘Robcrtus,
850 2199 917 2262 Dei
941 2200 1056 2282 gratia
1080 2200 1332 2264 Lincolniensis
1356 2201 1433 2283 epi·

483 2319 623 2382 scopus,
653 2300 810 2363 omnibus
841 2306 971 2363 sanctae
1000 2301 1123 2363 matris
1159 2295 1313 2365 ecclesiae
1349 2299 1433 2363 filiis

484 2400 643 2463 salutem.
697 2399 830 2464 Notum
855 2399 901 2463 sit
930 2399 1150 2464 universitati
1176 2407 1314 2476 vestrae,
1338 2401 1434 2482 quod

485 2518 551 2580 ego
571 2499 815 2562 controversiae
835 2498 897 2576 illi,
918 2513 1022 2580 qnam
1043 2499 1209 2563 adversus
1225 2500 1434 2578 Robertum,

486 2599 643 2661 abbatem
671 2597 783 2660 sancti
797 2595 939 2686 Albani,
961 2604 996 2661 et
1009 2596 1132 2663 iratres
1150 2599 1225 2682 ejus
1245 2618 1435 2677 moveram,

486 2715 556 2777 qua
584 2696 829 2760 monasterium
854 2697 967 2778 ipsum
990 2698 1102 2760 sancti
1126 2695 1254 2762 Albani
1280 2706 1316 2763 et
1334 2699 1437 2781 quin-

485 2795 595 2858 decim
613 2794 776 2859 ecclesias
790 2796 881 2871 illas,
897 2815 984 2877 quas
1002 2796 1039 2858 in
1054 2798 1226 2862 territorio
1243 2787 1306 2863 suo
1325 2800 1437 2880 privi-

487 2894 635 2975 legiatus
658 2893 790 2970 habuit,
812 2894 1045 2958 Lincolniensi
1061 2897 1215 2960 ecclesiae
1229 2907 1264 2962 et
1280 2899 1374 2977 mihi,
1391 2908 1436 2964 ut

486 2993 595 3076 ipsius
618 2993 792 3076 episcopo,
811 2994 847 3056 in
871 2994 1119 3078 subjectionem
1143 3004 1178 3060 et
1201 2998 1436 3064 obedientiam

487 3094 658 3174 petebam,
677 3093 713 3156 in
733 3094 920 3176 praesentia
939 3094 1080 3157 testium
1102 3096 1357 3177 praedictorum,
1376 3119 1438 3164 as-

483 3211 592 3256 sensu
606 3192 749 3275 capituli
770 3193 838 3256 mei
859 3193 895 3256 in
916 3200 1120 3276 perpetuum
1142 3197 1361 3280 renuntiavi3
1386 3209 1439 3280 et,

488 3299 528 3355 ut
550 3293 595 3355 ab
620 3311 662 3355 ea
687 3293 723 3355 in
750 3300 955 3374 perpetuum
983 3294 1236 3375 conquiescam,
1264 3296 1307 3361 de
1331 3319 1439 3364 mauu

481 3391 599 3472 ipsius
614 3392 748 3455 abbatis
765 3398 800 3454 et
816 3391 960 3456 fratrum
977 3391 1052 3475 ejus
1069 3393 1200 3471 villam,
1218 3416 1297 3478 quae
1308 3399 1439 3464 dicitur

490 3489 713 3570 Tinghurste,
730 3508 806 3555 enm
826 3490 973 3555 ecclesia
990 3499 1024 3555 et
1045 3493 1202 3556 omnibus
1218 3497 1440 3576 pertinentiis

490 3588 657 3672 ejusdem,
670 3609 733 3671 pro
744 3590 862 3653 decem
876 3591 1010 3655 libratis
1026 3597 1138 3669 terrae,
1153 3593 1259 3658 libere
1273 3603 1307 3658 et
1317 3597 1440 3679 quiete

491 3689 645 3752 ecclesiae
657 3688 889 3752 Lincolniensi
902 3690 1151 3772 inperpetuum
1163 3692 1206 3756 de
1218 3701 1440 3778 caeteropos-

480 3787 682 3864 sidendam,
705 3806 847 3851 assensu
870 3789 998 3851 domini
1025 3791 1091 3852 mei
1118 3792 1210 3872 regis
1235 3801 1269 3858 et
1287 3795 1437 3862 fratrum

447 3959 449 3964 Ι
493 3893 689 3950 nostrorum
720 3887 957 3971 episcoporum
983 3888 1058 3971 jam
1084 3888 1253 3954 dictorum
1280 3897 1440 3976 consilio,

493 3985 647 4068 capitulo
663 4005 739 4049 meo
754 3987 790 4049 in
811 3987 877 4050 hoc
891 4006 1069 4052 assensum
1094 3991 1282 4070 praebente,
1301 3998 1415 4078 recepi
1428 4019 1438 4076 3

494 4092 530 4149 et
546 4085 618 4168 jue,
635 4086 728 4167 quod
739 4085 815 4168 jam
831 4087 926 4150 dicta
941 4088 1092 4163 abbatia,
1106 4094 1141 4151 et
1151 4089 1186 4152 in
1203 4110 1353 4173 persona
1364 4095 1440 4158 Ro-

492 4185 581 4248 berti
603 4184 739 4249 abbatis
762 4193 797 4249 et
822 4205 1058 4250 successorum
1077 4187 1164 4271 cjuS,
1186 4195 1221 4253 et
1236 4189 1311 4272 jam
1336 4193 1440 4260 dictis

479 4283 685 4363 'quindecim
702 4286 867 4364 ecclesiis,
880 4287 1034 4350 ecclesiae
1053 4306 1139 4350 meac
1156 4296 1191 4352 et
1208 4289 1291 4353 mihi
1308 4301 1343 4356 et
1360 4311 1444 4359 suc-
