3178 5194
443 508 584 558 neonus
611 508 880 560 ursronnmuu.
1071 495 1138 560 397

152 667 336 744 auditne,
354 666 488 731 claudis
504 667 661 732 firmatur
677 673 828 749 gressus,
838 673 893 746 et,
908 668 1001 751 quod
1024 669 1136 750 magis
1147 678 1289 778 Auno-¹¹¹3&

154 768 404 848 magnificum
437 772 502 843 est,
531 767 661 848 arrepti
686 787 724 832 a
735 766 906 833 daemonio
933 767 1135 846 liberantur,
1148 779 1294 830 mumulus

155 867 359 950 epileptici
392 873 573 942 sanantur,
610 866 739 948 leprosi
772 867 994 944 mundantur,
1026 875 1062 932 et
1090 863 1171 932 ad

158 965 292 1054 vitam
315 965 444 1030 mortui
464 973 681 1030 revocantur.
732 965 770 1030 Si
795 967 873 1048 quis
893 974 1009 1031 autem
1032 967 1136 1032 mira-

162 1066 354 1142 culorum,
374 1085 453 1148 quae
478 1085 540 1148 per
561 1072 702 1130 sanctos
725 1084 808 1129 suos
833 1065 950 1130 divina
972 1074 1137 1150 operatur

164 1165 380 1238 clementia,
409 1165 568 1228 notitiam
602 1163 728 1230 habere
760 1164 943 1241 desiderat,
980 1166 1134 1230 libellum

164 1263 292 1346 legat,
326 1264 385 1346 qui
415 1262 458 1326 de
490 1263 599 1345 signis
630 1263 705 1347 ejus
737 1270 772 1327 et
802 1264 989 1329 virtutibus
1021 1265 1135 1330 clarus

170 1363 345 1442 habetur,
375 1369 411 1426 et
443 1381 508 1427 nos
540 1363 584 1426 ad
617 1363 688 1427 alia
721 1363 926 1428 festinantes
955 1383 977 1428 a
1005 1364 1134 1431 lectore

173 1464 322 1528 veniam
337 1462 567 1545 postulamus.

174 1615 186 1620 “
219 1635 336 1716 Quod
313 1655 439 1722 juventu
453 1656 508 1698 roc
522 1634 680 1700 Hauricua
696 1644 903 1700 torneamento
920 1636 1097 1704 coercuerit.

232 1757 340 1824 Anno
353 1758 495 1822 Domini
514 1775 701 1824 mccxxrx.
722 1759 909 1836 Henricus‚
925 1780 989 1825 rex
1002 1759 1266 1865 angleterre

1144 1826 1209 1866 oua
1222 1826 1283 1866 valta

182 1881 260 1924 rum
281 1859 413 1943 junior,
441 1877 536 1922 mare
561 1859 788 1922 transieram
809 1859 1024 1924 conflictibus
1047 1860 1133 1925 Gal·
1145 1875 1249 1966 thetkomb
1257 1875 1281 1916 or
1376 1911 1377 1916 ι

182 1958 261 2023 licis
283 1966 318 2024 et
339 1958 591 2041 profusioribus
608 1958 771 2041 expensis
787 1959 971 2024 triennium
986 1961 1132 2042 peregit,
1146 1926 1188 1967 ⁸⁰⁰
1204 1930 1233 1967 ’ᾗ

182 2060 348 2140 regiaque
376 2058 559 2142 majestate
588 2077 742 2140 prorsus
758 2057 928 2139 deposita,
956 2065 1051 2122 totus
1079 2068 1132 2123 est

184 2157 227 2220 de
243 2159 529 2240 regetranslatus
547 2157 583 2220 in
598 2158 753 2235 militem,
771 2165 818 2234 et,
839 2156 939 2220 flexis
956 2156 1132 2240 ingyrum

183 2257 313 2334 fraenis,
332 2256 368 2320 in
385 2256 491 2321 variis
518 2257 759 2338 congressibus
782 2256 993 2339 triumphum
1013 2276 1131 2339 repor-

184 2356 334 2432 tanssui
351 2357 499 2420 nominis
517 2356 644 2420 famam
661 2357 928 2439 circumquaque
943 2355 1129 2439 respersih3

182 2456 373 2538 sicigitur,
393 2473 470 2519 cum
493 2455 542 2518 nil
564 2456 596 2518 ei
619 2456 754 2542 deesset
779 2456 824 2520 ad
845 2456 1003 2538 gloriam,
1030 2456 1132 2540 rediit

182 2554 227 2619 ad
245 2564 380 2638 patrem¹
401 2562 436 2628 et
458 2556 567 2624 abeo
590 2553 720 2620 honore
742 2555 858 2619 debito
881 2563 934 2619 est
959 2561 1131 2640 receptus,

183 2655 314 2719 Eodem
339 2667 439 2724 anuo'
458 2648 695 2731 ¹Lodowicus,
716 2674 779 2718 rex
802 2653 1028 2739 Francorum,
1048 2658 1130 2721 b'ea-

180 2761 256 2819 tum
270 2754 440 2820 Thomam
460 2760 646 2835 martyrem
669 2751 835 2818 orationis
859 2754 974 2841 gratia
982 2755 1130 2842 'visitare

183 2854 381 2930 decernens,
399 2845 576 2935 Angliam,
597 2871 701 2935 quam
721 2871 784 2917 nec
808 2853 883 2935 ipse
907 2873 969 2917 nec
989 2853 1130 2919 suorum

180 2953 308 3036 aliquis
332 2960 590 3017 antecessorum
607 2951 725 3034 aliquo
740 2960 895 3034 tempore
911 2953 1128 3032 visitaverat,

181 3051 327 3117 devotus
343 3044 497 3116 intravit.
534 3043 633 3116 'Rex
649 3058 766 3116 autem
782 3048 989 3132 Auglorum,
1006 3072 1129 3117 navem

178 3152 271 3234 apud
295 3153 470 3217 Doveram
498 3150 688 3231 egredienti
712 3151 925 3214 Francorum
952 3152 1038 3232 regi,
1063 3172 1128 3216 un-

178 3251 312 3316 decimo
326 3249 493 3314 kalendas
511 3249 722 3332 Septembris
742 3248 946 3314 festinanter
967 3252 1128 3329 occurrit,

180 3351 247 3429 cui,
264 3350 427 3435 quicquid
441 3348 582 3413 honoris
598 3350 643 3414 ab
663 3349 780 3432 aliquo
802 3348 995 3429 excogitari
1014 3351 1129 3431 potuit

179 3450 235 3515 vel
261 3449 424 3533 impendi,
453 3456 525 3513 tam
551 3448 618 3531 ipsi
642 3468 747 3532 quam
768 3448 840 3512 suis
866 3447 1048 3513 comitibus
1075 3457 1129 3513 est

177 3549 395 3632 impensum3
428 3549 711 3613 concurrentibus
744 3549 836 3613 enim
871 3547 1128 3632 archiepiscopo

179 3647 421 3714 Cantuarieusi
453 3667 530 3712 cum
566 3648 640 3712 suis
676 3647 904 3730 suffraganeis
944 3648 1128 3730 episcopis,

178 3767 255 3814 cum
274 3749 457 3812 comitibus
473 3754 509 3811 et
524 3747 723 3826 baronihuS,
738 3768 817 3813 curn
832 3748 923 3811 clero
937 3754 972 3810 et
986 3747 1128 3831 populo,

210 3946 378 3997 ¹Iadowicus.
395 3947 407 4011 ]
442 3946 586 4009 According
613 3952 640 3996 to
665 3950 699 4010 by
717 3949 760 3997 the
782 3951 871 3998 counts
893 3946 922 3996 of
937 3947 1060 3996 Plaudere
1075 3948 1127 3997 and

174 4017 308 4080 Hovedeu,
327 4017 370 4066 he
377 4031 432 4066 was
450 4016 553 4066 warned
572 4017 605 4078 by
623 4033 639 4066 a
665 4019 786 4080 Guienes,
803 4017 846 4066 the
868 4016 939 4066 duke
955 4018 984 4066 of
997 4018 1126 4067 Louvaine

175 4084 640 4138 visiontovisitthetombolBechet
664 4087 825 4147 audothers3
842 4089 939 4149 pm
1121 4101 1125 4108 ·

172 4159 196 4209 if
203 4159 235 4207 he
251 4156 351 4205 wished
367 4157 409 4205 the
426 4168 545 4214 recovery
556 4153 585 4202 of
598 4155 638 4204 his

173 4244 218 4280 aon
238 4226 336 4288 Philip,
359 4225 419 4274 then
436 4225 507 4286 lying
529 4223 638 4286 danger·
698 4219 772 4270 'Rex
787 4225 866 4269 auton
886 4218 1051 4283 alogiorum]
1080 4220 1127 4268 Di-

173 4297 295 4360 ouslyill.
331 4296 373 4346 He
390 4294 636 4356 wasaccompanied
663 4291 856 4356 cet0‚col.oor.
953 4335 954 4340 ,
1011 4345 1013 4352 Α
