3178 5194
444 559 584 608 rueras
610 557 881 612 msronmnuu.
1068 549 1135 615 389

182 711 329 780 Eodem¹
354 736 446 782 anno
468 738 531 783 rex
548 717 741 801 Anglorum
764 719 951 799 Henricus,
970 741 1048 785 cum
1071 741 1133 805 per

182 835 300 880 omnes
322 813 519 900 provincias
542 838 615 883 suae
633 820 833 902 potestatis,
852 839 930 902 quac
948 821 1003 886 vel
1021 819 1131 885 Fran'-

181 934 299 978 corum
337 917 523 995 liminibus,
559 919 615 983 vel
653 919 828 983 montibus
859 917 1050 1002 Pyreuaeis,
1073 921 1130 986 vel

182 1014 385 1082 Britannico
409 1018 606 1083 vicinantur
632 1037 771 1094 oceano,
805 1018 1013 1083 munitiones
1039 1021 1129 1084 obti-

182 1116 315 1180 nuisset
349 1123 385 1180 et
407 1117 524 1182 omnia
546 1117 610 1200 pro
637 1116 727 1182 velle
752 1116 991 1200 disposuisset,
1016 1121 1129 1187 idibus

181 1213 203 1277 J
207 1216 279 1279 unii
310 1216 404 1280 beati
442 1217 587 1280 Thomas
623 1217 787 1298 martyris
825 1218 981 1285 visitavit
1012 1221 1130 1303 sepul·

181 1313 316 1394 chrum3
343 1323 390 1392 et,
413 1318 533 1399 paucis
558 1315 638 1380 inde
660 1315 780 1380 diebus
803 1317 965 1396 evolutis,
987 1317 1130 1383 Gaufria

182 1413 261 1477 dum
303 1414 411 1478 filium
452 1435 553 1479 suum
585 1423 710 1479 octavo
741 1413 821 1478 idus
850 1413 1004 1499 Augusti
1036 1419 1128 1501 apud

181 1513 394 1578 Wodcstoko
409 1515 549 1597 cingulo
563 1514 704 1578 militari
721 1515 875 1580 donavit.
1124 1515 1126 1521 ’

1144 739 1200 781 ab.
1210 737 1268 780 1178.

184 1643 253 1754 'Da
267 1690 448 1756 revelatione
460 1692 561 1757 sancti
571 1665 764 1776 'Amplllalt
779 1691 908 1756 cuidam
923 1692 991 1756 ciro
999 1691 1108 1776 factu.
1125 1754 1127 1762 ,
1207 1707 1209 1712 ·

184 1842 189 1850 -
230 1812 362 1877 Eodem
376 1833 466 1877 anno
482 1815 536 1878 vir
550 1813 703 1897 quidam,
719 1815 812 1878 beati
825 1813 953 1879 Albani
966 1817 1130 1899 martyris

181 1913 327 1994 burgum
354 1913 554 1978 inhabitans
576 1921 612 1978 et
632 1915 702 1977 loci
721 1913 814 1978 illins
838 1913 1013 1998 indigena,
1039 1916 1131 1979 inter

183 2011 409 2077 convicaneos
439 2033 520 2078 suos
550 2014 624 2077 siue
658 2014 798 2096 querela
826 2015 929 2078 vixit.
989 2014 1059 2078 Hic
1085 2017 1129 2080 ab

181 2111 321 2176 ineunte
343 2119 460 2189 aetate,
482 2120 651 2195 quantum
680 2113 885 2177 substantiae
908 2113 1128 2178 mediocritas

181 2212 414 2292 permittebat,
450 2211 593 2277 honeste
625 2213 759 2291 vivens,
796 2213 943 2278 devotus
973 2209 1128 2277 ecclesiae

181 2310 318 2374 exstitit
340 2311 591 2394 frequentator.
642 2311 737 2376 Dum
757 2313 865 2394 igitur
886 2332 958 2377 una
974 2313 1128 2378 noctium

180 2410 216 2472 in
234 2417 345 2475 strato
363 2411 509 2495 jaceret,
534 2412 627 2475 circa
646 2411 860 2493 gallicinium
883 2412 1028 2476 intravit
1052 2413 1130 2495 qui·

181 2508 259 2573 dam
285 2510 401 2574 decori
423 2513 541 2575 vultus
565 2518 600 2574 ot
624 2517 760 2574 statura
782 2531 945 2594 procerus
968 2512 1043 2596 ejus
1065 2524 1127 2575 cu-

182 2609 346 2688 biculum,
366 2618 406 2674 ut
426 2610 491 2675 sibi
512 2611 706 2687 videbatur,
733 2611 792 2693 qui
810 2612 964 2675 vestibus
984 2609 1127 2677 indutus

179 2709 333 2773 candidis
358 2709 492 2792 virgam
520 2710 557 2774 in
580 2711 705 2774 dextra
735 2701 999 2792 pulcherrimam
1028 2711 1128 2794 baju-

179 2808 286 2887 labat,
315 2810 351 2873 in
383 2810 482 2894 cujus
512 2811 672 2892 ingressu
704 2810 826 2874 domus
849 2809 1029 2874 confestim
1052 2816 1128 2874 tota

180 2909 392 2992 resplenduit
428 2917 464 2974 et
500 2909 599 2993 quasi
628 2909 769 2974 claritas
806 2910 939 2974 solaris
960 2909 1128 2974 interiora

181 3009 328 3073 cubiculi
350 3010 575 3092 perlustravit
591 3031 600 3090 ;
634 3011 694 3092 qui
719 3009 809 3078 lecto
824 3053 826 3058 ·
842 3009 1126 3092 appropinquans

175 3107 348 3190 jacentem
365 3110 517 3186 vocavit,
537 3116 584 3186 et,
609 3110 639 3172 si
663 3109 838 3186 dormiret,
864 3107 988 3171 leniter
1011 3108 1126 3192 requi·

179 3208 280 3288 sivit3
296 3207 496 3287 ‘Roberte,’
504 3209 628 3292 inquit,
638 3210 782 3274 ‘dormis
794 3207 819 3272 l’
842 3207 996 3290 Expavit
1009 3214 1125 3271 autem

180 3306 354 3372 Robertus
371 3309 494 3372 timore
511 3309 717 3387 vehementi,
735 3317 770 3372 et
786 3327 892 3390 supra
907 3303 1046 3370 modum
1062 3306 1126 3370 ad-

179 3407 306 3471 mirans
332 3409 394 3485 ait,
419 3406 532 3486 ‘Quis
555 3427 606 3487 οε,
630 3407 802 3472 dominel'
853 3407 901 3471 Et
923 3406 1001 3487 ille;
1024 3405 1124 3488 ‘Ego

1142 1833 1282 1882 Lugendum.

1142 1883 1289 1932 Ampblbalus.

163 3527 254 3572 sum
278 3515 410 3592 martyr
431 3507 602 3585 Albanus,
628 3509 688 3591 qui
710 3507 754 3572 ad
777 3507 842 3572 boc
864 3507 977 3585 venio,
999 3514 1040 3571 ut
1063 3525 1125 3571 an·
1216 3591 1220 3598 ι

178 3609 332 3671 nuntiem
343 3608 406 3672 tibi
416 3608 556 3671 Domini
568 3608 782 3672 voluntatem
794 3608 836 3672 de
849 3607 1015 3690 magistro
1026 3606 1126 3682 meo‚’

179 3707 302 3789 iuquit,
330 3708 478 3771 ‘clerico
505 3707 665 3772 videlicet
692 3707 764 3786 illo,
790 3727 852 3789 per
881 3727 982 3790 quem
1008 3705 1125 3789 [fidem

180 3805 327 3888 Christi]
356 3807 504 3890 suscepi,
531 3807 589 3890 [de
615 3807 700 3890 quo]
723 3808 813 3871 inter
834 3806 990 3870 homines
1013 3818 1125 3868 sermo

176 3905 340 3990 frequens
357 3907 516 3984 babetur,
533 3913 580 3985 et,
598 3927 676 3971 cum
694 3925 773 3990 spes
790 3905 943 3970 fidelium
967 3906 1012 3968 sit
1032 3902 1125 3987 quod
1250 3951 1254 3958 .

176 4005 302 4070 futuris
329 4007 541 4089 temporibus
568 4005 692 4070 debeat
707 4005 865 4081 revelari,
891 4006 988 4068 locus
1009 4009 1124 4103 tamen

177 4106 253 4191 ejus
267 4106 458 4190 sepulturae
481 4108 525 4171 ab
547 4107 706 4170 omnibus
728 4106 919 4187 ignoratur.
971 4102 1125 4184 Surgcns

178 4226 261 4288 ergo
288 4206 454 4272 velociter
486 4206 649 4270 circunda
678 4205 741 4270 tibi
764 4203 1006 4269 vestimentum
1020 4201 1127 4265 'tuum

427 4361 531 4415 ¹Eodent
539 4365 623 4430 nnno.]
643 4367 745 4430 Dicet),
756 4366 805 4417 col.
817 4369 875 4416 6⁰⁰.
