3138 5184
410 567 551 617 rronns
572 568 841 618 ursronrnnuu.
1036 553 1102 618 203

149 743 289 805 scopus,
315 725 416 800 obiit,
441 731 478 788 ot
502 722 707 788 Alexander
733 723 913 788 successit.
971 725 1102 789 Eodem
1115 746 1171 787 sn.
1184 747 1238 786 na.

150 841 242 885 anno
263 842 326 886 rex
343 822 520 885 Henricus
539 823 636 886 dedit
656 822 992 904 archiepiscopatum
1012 823 1104 889 Can·

152 915 567 986 tuariensem¹Willelmo
578 920 621 984 de
632 917 808 998 corbolio,
817 921 925 1003 priori
933 922 977 986 de
988 915 1103 986 ’cbic-

152 1020 229 1097 ebe,
254 1026 293 1083 et
317 1018 556 1102 episcopatum
585 1019 855 1083 Bathoniensem
882 1013 1103 1098 'Godofrida

157 1119 287 1199 reginae
307 1117 508 1200 capellan03
533 1136 602 1199 quo
625 1118 731 1181 etiam
753 1125 906 1200 temporo
928 1118 1105 1183 Robertus

154 1216 197 1280 de
216 1216 376 1280 Medlent
399 1235 515 1280 comes
536 1216 679 1279 recessit
694 1234 716 1278 a
731 1235 825 1298 rege,
841 1222 876 1280 ot
891 1236 955 1280 rex
970 1216 1105 1282 obsedit

156 1321 190 1378 et
213 1316 307 1397 cepit
326 1315 506 1379 castellum
532 1314 620 1398 ejus,
645 1313 737 1397 quod
762 1313 1020 1378 Puntaudemer
1044 1334 1104 1397 ap·

157 1412 328 1494 pellatur3
351 1420 387 1476 et
408 1421 562 1496 temporo
581 1411 702 1477 eodem
722 1413 815 1476 cirea
829 1412 951 1476 turrim
973 1412 1108 1477 Rotho·

158 1529 357 1594 magensem
382 1531 519 1575 murum
539 1512 647 1576 latum
668 1518 704 1576 et
725 1511 835 1575 altum
856 1531 934 1576 oum
954 1531 1107 1595 propug-

159 1611 294 1674 naculis
318 1611 528 1687 construxit,
548 1617 584 1674 et
605 1611 727 1674 turrim
751 1610 858 1674 eastri
882 1610 1108 1675 cadomensis

160 1708 335 1788 firmavit3
367 1716 485 1773 castra
507 1708 613 1772 etiam
642 1707 685 1772 de
711 1708 850 1785 Arabis,
872 1708 915 1773 de
939 1708 1108 1785 Gisortio,

159 1808 201 1870 de
234 1807 387 1884 Falesia,
420 1808 464 1872 de
497 1806 725 1888 Argentomo,
756 1807 799 1872 de
830 1806 1036 1885 Dausronte,
1065 1807 1108 1872 de

162 1899 321 1983 Οιίιιιο,4
340 1907 383 1971 de
405 1907 604 1984 Ambretas,
627 1904 670 1970 de
693 1905 860 1985 Waverii,
881 1895 924 1971 de
948 1906 1048 1983 Vira,
1073 1913 1110 1970 et

162 2011 290 2068 turrem
311 2004 483 2070 Vemonis
503 2005 820 2087 inexpugnabiliter
834 2007 1070 2070 communivit.

216 2171 309 2249 Quod
322 2195 376 2238 rsa
389 2174 563 2238 Jerusalem
577 2184 685 2259 coplas
698 2185 741 2240 est
758 2198 780 2239 a
795 2175 900 2240 babo
906 2175 1055 2259 principe

543 2273 725 2338 Terrorem.

207 2389 356 2459 Eodem⁵
371 2414 462 2459 anno
478 2415 541 2458 rex
554 2395 876 2481 Hierosolymarum
888 2395 1110 2461 Baldewiuus
1124 2413 1200 2454 nain
1210 2412 1232 2452 n

168 2513 242 2556 cum
261 2493 417 2558 exercitu
431 2495 467 2556 in
482 2500 611 2558 terram
626 2495 773 2560 comitis
785 2496 954 2560 Edessani
970 2496 1110 2560 descen·
1124 2463 1238 2504 mmm

168 2591 261 2668 dens,
280 2592 363 2655 dum
385 2599 485 2657 noete
503 2593 652 2674 quadam
676 2596 837 2659 incautus
855 2603 890 2659 et
904 2595 1042 2676 agmine
1055 2595 1110 2657 in·

168 2691 303 2754 cederet
327 2690 508 2768 dissoluto,
535 2692 645 2756 Balao
674 2693 832 2776 princeps
856 2693 1048 2758 Turdorum
1075 2694 1112 2756 in

168 2789 300 2854 insidiis
316 2790 527 2854 constitutus
546 2792 583 2854 in
599 2811 676 2855 eum
693 2793 808 2856 subito
829 2793 930 2857 irruit
946 2799 981 2856 et
997 2792 1112 2874 ipsum

169 2889 270 2970 cepit,
284 2896 323 2952 et
335 2888 373 2951 in
382 2896 511 2965 castro,
523 2891 579 2953 oui
592 2884 785 2972 ⁶Quartapi
798 2909 921 2954 nomen
938 2897 1025 2967 erat,
1036 2891 1112 2954 vin·

168 2987 255 3050 culis
277 2989 512 3069 manciparim
544 2988 788 3053 detinebantur
808 2991 914 3052 etiam
935 2989 972 3052 in
994 2989 1112 3053 eodem

167 3085 328 3167 praesidio
361 3105 475 3150 eomes
507 3085 688 3150 locelinus
722 3087 862 3152 Edessa·
896 3087 1048 3151 civitatis
1078 3094 1114 3150 et

169 3184 242 3267 ejus
265 3185 541 3267 consanguineus
564 3184 797 3263 Galerannus,
819 3206 882 3268 pro
905 3205 1050 3268 quorum
1072 3185 1115 3248 li-

169 3285 347 3348 beratione
368 3283 413 3347 ad
435 3291 552 3366 partes
574 3284 654 3347 illas
671 3303 734 3347 rex
757 3285 945 3348 descendit.
981 3283 1115 3346 Princi-

171 3401 230 3463 pes
265 3388 381 3444 autem
409 3383 506 3464 regni
538 3382 861 3465 Hierosolymitani,
889 3381 1009 3458 audito
1032 3401 1115 3445 casu

172 3480 357 3543 miserabili
383 3483 477 3563 eapti
505 3481 609 3563 regis,
631 3483 887 3546 constituerunt
915 3481 1013 3562 regni
1035 3500 1116 3562 pro·

171 3586 362 3642 curatorem
387 3579 558 3661 quendam
588 3581 815 3644 Eustachium
838 3578 982 3656 Grenet,
1005 3580 1117 3644 virum

172 3678 354 3758 providum
389 3685 424 3741 et
456 3678 655 3756 discretum,
681 3679 741 3762 qui
769 3679 806 3742 in
839 3680 931 3760 regis
961 3678 1118 3742 absentia

207 3847 216 3878 ¹
236 3849 358 3897 Willelmo
376 3852 405 3898 tle
426 3849 569 3914 corbulia]
591 3852 633 3900 He
693 3848 808 3900 ⁵Eodem
823 3851 907 3913 anm]
923 3851 977 3899 'l'he
994 3851 1084 3899 author
1094 3850 1123 3898 of

176 3918 233 3966 died
244 3918 270 3964 in
282 3919 426 3968 November
437 3923 510 3968 1136.
659 3919 702 3968 the
714 3921 812 3970 llislor.
824 3920 952 3969 Hierosol.
963 3919 1032 3981 apud
1044 3919 1117 3969 Gest.

205 3983 353 4050 teroem]
365 3989 407 4036 Au
426 3990 507 4048 abbey
525 3987 553 4036 οἰ
567 3990 635 4039 Aus-
660 3989 721 4050 Dei,
732 4005 758 4050 p.
773 3993 832 4050 616,
847 3990 935 4050 places
946 3989 1017 4038 these
1034 3993 1120 4037 events

176 4057 210 4110 tiu
221 4069 314 4105 oanons
325 4057 352 4104 in
364 4058 455 4107 Essex.
661 4058 687 4105 in
710 4062 787 4106 1123:
804 4060 875 4109 Will.
897 4060 926 4108 of
944 4059 1021 4121 Tyre,
1035 4059 1061 4106 in
1077 4057 1120 4106 the

210 4121 220 4154 ³
232 4120 385 4193 Godqsrido]
397 4127 439 4176 He
451 4126 512 4175 died
523 4126 564 4176 tho
577 4127 636 4176 loth
661 4128 780 4226 prexious
790 4143 859 4188 year,
870 4144 896 4189 p.
908 4131 966 4177 82⁵.

851 4198 856 4208 ι
916 4199 924 4224 4
1058 4197 1064 4208 ι
1113 4192 1121 4211 ἱ

179 4193 360 4313 Αῗκὸῗεῖηιοδῗῖ
377 4298 382 4310 .
400 4259 491 4329 Vtra]
510 4265 638 4325 Hiesmes,
661 4198 871 4326 wilnqiayrrtf‘ini
882 4198 1123 4328 iarffiffpiissi.

180 4330 330 4393 Avraucbes,
341 4332 460 4380 Vauville
471 4333 521 4380 und
533 4335 602 4386 Viro.
663 4335 791 4384 Hierosol.
803 4350 830 4395 p.
841 4339 900 4384 uls.
