3178 5194
444 489 585 540 rionns
608 487 877 540 nrsrcnmnun.
1077 473 1144 540 898

183 649 372 729 collocata,
393 670 473 716 cum
492 647 671 734 paululum
692 647 933 727 obdormisset,
953 647 1084 714 exsiliit
1107 655 1142 714 et
1154 663 1293 765 mm

182 753 343 828 incessit,
364 758 616 835 parentumque
638 747 789 831 suspiria
809 749 848 813 in
869 748 1027 814 laetitiam
1049 767 1143 815 eom·
1155 741 1304 816 surmus

187 852 354 916 mutavit.

290 1021 356 1102 ,Dc
369 1019 520 1086 miraeo
535 1018 625 1100 dolii,
639 1029 667 1084 at
682 1017 849 1110 dilipmtio
865 1021 1031 1107 quamdi.

188 1199 191 1212 .
243 1146 371 1211 Illnxit
394 1146 529 1210 interea
543 1152 666 1209 sancta
687 1144 888 1210 solemnitas
905 1147 998 1213 beati
1014 1143 1144 1212 Albani

188 1247 362 1328 martyrio
387 1252 603 1322 consecrata,
629 1263 746 1328 quam,
771 1245 807 1308 in
833 1264 871 1309 se
896 1241 1038 1324 claram,
1058 1247 1144 1312 isto-

188 1365 268 1408 rum
295 1345 483 1428 publicatio
510 1344 752 1409 miraculorum
778 1343 926 1410 reddidit
951 1345 1141 1410 clariorem.

189 1444 436 1509 Admonentur
469 1442 588 1508 fideles
620 1443 663 1507 ad
698 1443 934 1528 eleemosynas
963 1445 1143 1528 largiores,

189 1545 341 1626 singulis
381 1562 466 1608 usus
509 1542 646 1625 parcior
684 1543 939 1609 alimentorum·
967 1545 1142 1623 indicitur,

189 1653 229 1709 et
262 1645 391 1709 iterata
422 1644 460 1706 in
496 1643 685 1706 crastinum
713 1644 888 1726 processio
916 1644 1141 1724 instauratur,

190 1744 256 1809 sed
285 1743 481 1826 interpositi
509 1761 647 1825 quoque
679 1742 752 1806 dies
781 1762 999 1826 nequaquam
1029 1745 1142 1810 otioso

192 1843 366 1907 transiere
389 1842 573 1922 discursu;
599 1841 660 1906 sed
683 1842 851 1924 usquein
877 1842 996 1907 horam
1019 1842 1143 1907 inven-

188 1943 300 2008 tionis
329 1949 528 2007 sanctorum
549 1941 736 2024 ,miraculis
769 1942 986 2007 evidentibus
1022 1961 1141 2008 corus·

189 2043 309 2107 cabat.
376 2042 513 2124 Nempe
549 2042 604 2106 vir
642 2040 781 2124 quidam
818 2040 861 2107 de
898 2041 1141 2124 Kingesberia,

189 2142 364 2206 fodientes
398 2148 434 2206 et
464 2147 603 2206 sanctos
633 2147 833 2224 quaerentes
859 2140 1017 2219 irridens,
1042 2149 1143 2207 nocte

191 2261 276 2305 cum
298 2242 375 2305 aliis
397 2241 494 2306 venit
515 2239 559 2304 ad
582 2239 707 2318 locum,
729 2240 804 2322 pari
828 2233 965 2322 quidem
987 2241 1058 2317 via,
1080 2241 1141 2306 sed

192 2341 377 2406 uoluntate
419 2340 583 2420 diversa;
628 2339 689 2422 qui
720 2339 901 2405 confestim
930 2346 1089 2422 arreptus
1120 2359 1142 2404 a

194 2440 367 2504 daemonio
395 2439 563 2504 furiosum
592 2439 768 2504 evidenter
795 2440 980 2523 expressit,
1005 2446 1041 2504 et
1063 2458 1142 2505 ves·

196 2547 251 2605 tes
280 2539 478 2621 dirumpens
508 2538 648 2622 abjecit,
683 2545 730 2617 et,
761 2539 821 2622 qui
858 2539 946 2604 alios
983 2538 1143 2604 deridens

195 2647 355 2724 spectare
366 2645 510 2705 venerat
523 2638 704 2716 fodientes,
725 2638 960 2722 spectaculum
984 2641 1144 2705 omnibus

196 2741 259 2806 est'
276 2740 443 2820 effectus;
466 2757 624 2821 cumque,
635 2739 774 2802 'cunctis
791 2739 1000 2817 videntibus,
1014 2738 1144 2806 dlutius

195 2839 427 2925 torqueretur,
449 2838 667 2921 corripientis
689 2838 757 2902 Dei
779 2857 902 2903 manus
924 2841 1086 2919 cessavit,
1110 2845 1145 2904 et

195 2941 339 3006 demum*
353 2940 545 3021 castigatus
569 2937 751 3002 incolumis
773 2937 817 3001 ad
839 2940 980 3022 propria
1001 2940 1145 3022 repeda·

195 3040 277 3104 uit·
311 3038 413 3106 Alius
429 3045 544 3103 autem
563 3044 704 3102 sanctos
722 3045 916 3120 quaerentes
934 3039 1048 3104 verbis
1063 3040 1146 3103 sub-

198 3140 408 3206 sannatoriis
422 3139 572 3204 illudens
589 3138 707 3203 statim
722 3137 849 3202 divinae
874 3137 1048 3221 subjacuit
1063 3138 1145 3202 ulti·

198 3240 269 3316 oni,
300 3258 380 3302 nam
407 3239 733 3322 interloquendum
757 3237 856 3320 gravi
881 3244 1061 3318 correptus
1091 3237 1145 3301 in-

198 3337 378 3419 commodo
400 3337 437 3400 in
468 3338 564 3402 brevi
591 3338 829 3422 blasphemum
855 3335 1014 3420 spiritum
1037 3336 1146 3401 exha-

197 3439 296 3510 lavit.
347 3435 501 3519 Algarus
524 3435 566 3500 de
592 3437 836 3520 Dunestaplia,
860 3455 939 3502 cum
965 3437 1008 3502 ad
1032 3437 1146 3503 locum

198 3538 345 3602 eundem
383 3536 513 3600 dolium
554 3536 642 3600 celia
679 3535 818 3619 plenum
855 3536 900 3602 ad
930 3537 1147 3603 vendendum

198 3638 305 3703 rheda
320 3636 452 3723 portari
474 3635 624 3712 fecisset,
645 3636 792 3700 accessit
811 3635 854 3700 ad
869 3657 948 3702 eum
963 3657 1056 3721 aeger
1072 3637 1147 3721 qui·

200 3739 279 3802 dam
304 3745 340 3803 et
365 3755 510 3821 pauper,
538 3753 665 3817 rogans
688 3735 891 3817 simpliciter
918 3737 963 3801 ob
976 3737 1148 3821 'martyris

201 3853 362 3916 amorem,
392 3837 492 3921 cujus
522 3833 756 3900 inventionem
785 3835 934 3918 populus
967 3843 1148 3919 exspecta-

201 3936 275 4012 bat,
296 3944 337 4000 ut
359 3937 464 4015 sitim,
481 3954 551 4019 qua
573 3936 805 4018 premebatur,
825 3943 911 4017 potu
934 3934 1070 3998 modico
1093 3955 1147 3999 re-

202 4035 356 4114 levaret3
382 4036 559 4100 incanduit
581 4033 736 4116 Algarus
756 4034 800 4097 ad
822 4034 928 4099 verba
948 4034 1071 4115 aegroti
1094 4034 1148 4098 ira

200 4135 408 4212 vehementi,
432 4155 589 4200 asserens
612 4155 649 4199 se
670 4135 752 4198 illuc
770 4127 839 4198 non
858 4153 965 4198 causa
985 4125 1147 4218 martyris

199 4235 396 4311 advenisse,
416 4237 474 4299 sed
500 4244 542 4301 ut
565 4238 699 4301 lucrum
724 4254 943 4319 quocumque
964 4233 1065 4299 modo
1086 4253 1149 4298 au-
