3178 5194
434 603 577 652 suenus
601 603 867 653 ursrournnusu
1059 591 1125 656 373

172 760 286 824 minus
308 761 416 839 urbis,
436 767 523 844 rege·
539 769 638 846 patre
656 762 790 840 relicto,
813 762 855 826 ad
878 765 993 845 regern
1013 765 1119 830 tilium
1135 785 1257 828 ansus

175 860 364 942 confugit3·
390 862 463 940 sed,
488 865 573 926 urbe
595 863 735 927 tandem
759 882 822 945 pro
845 865 999 928 maxima
1022 872 1121 946 parte

172 961 364 1037 combusta,
390 963 484 1026 cives
503 963 546 1025 de
570 967 656 1044 pace
679 968 929 1040 tractaverunt,
949 963 1041 1028 datis
1066 964 1120 1028 r'e-

173 1058 209 1139 gi
238 1059 364 1124 marcis
396 1061 570 1138 trecentis,
597 1068 644 1125 ut
674 1060 853 1139 haberent,
880 1073 949 1145 q'uo
980 1062 1121 1142 vellent,

172 1158 347 1237 licentiam
371 1159 538 1226 abeundi·
585 1158 761 1224 Concessa
783 1167 838 1224 est
864 1180 947 1242 ergo
976 1162 1026 1225 eis
1056 1163 1120 1226 tali

168 1256 369 1322 conditione
391 1259 543 1338 licentia,
566 1258 664 1323 utin
687 1259 828 1323 urbibus
851 1260 955 1341 regiis
970 1261 1024 1325 vel
1043 1281 1119 1325 cas·

171 1356 263 1420 tellis
287 1357 402 1422 locum
426 1359 642 1441 susciperent
670 1358 872 1438 habitandi3
907 1359 976 1423 illis
1003 1359 1118 1424 autern

168 1456 391 1535 abeuntibus,
413 1460 691 1523 subverseesunt
717 1464 828 1539 portae
855 1456 1018 1537 civitatis,
1037 1478 1119 1541 pars

170 1572 346 1620 murorum
364 1557 541 1622 destructa
558 1564 630 1634 est,
640 1557 808 1620 militibus
819 1557 962 1621 castello
978 1557 1119 1622 inclusis

170 1653 297 1719 dantur
310 1656 459 1722 induciae
473 1675 583 1740 usque
601 1657 646 1720 ad
662 1656 788 1720 festum
798 1658 910 1721 sancti
926 1657 1120 1735 Michaelis,

171 1754 271 1817 etsie
288 1756 411 1836 quinto
425 1755 594 1821 kalendas
609 1752 764 1836 Augusti
777 1756 911 1820 obsidio
926 1765 978 1821 est
992 1757 1118 1822 soluta.

170 1851 252 1930 Quo
275 1853 381 1932 facto,
403 1875 468 1920 rex
487 1855 673 1920 Scotorum
687 1855 883 1919 Willelmus
905 1858 1118 1938 'provinciam

172 1951 568 2038 Northanhumbrorum,
600 1973 680 2036 quae
711 1953 827 2018 David
856 1955 929 2036 rogi
955 1975 1021 2020 avo
1054 1976 1118 2021 suo

171 2051 253 2116 data
277 2052 392 2119 fuerat
413 2061 449 2118 et
473 2055 578 2136 longo
598 2059 752 2136 tempore
776 2057 953 2135 possessa,
975 2054 1071 2118 illam
1096 2075 1118 2119 a

169 2171 251 2232 rege
279 2160 438 2236 repetens
463 2154 638 2236 repulsam
655 2152 807 2232 invenit3
839 2152 910 2235 qui,
928 2154 1117 2218 exercitum

54 2321 57 2326 ,
167 2259 386 2332 congregans
419 2259 492 2317 tam
523 2252 754 2318 Wallensium
790 2271 893 2334 quarn
923 2251 1118 2332 Scotorum,

171 2369 234 2430 per
250 2349 338 2415 fines
364 2353 517 2436 episcopi
543 2351 789 2416 Dunelmensis
813 2369 971 2414 securum
997 2351 1119 2417 habuit

172 2449 368 2527 transitum,
390 2451 499 2515 donec
523 2452 616 2515 villis
639 2450 901 2534 quampluribus
930 2451 1117 2529 succensis,

171 2547 371 2612 mulieribus
397 2556 433 2613 et
458 2551 613 2633 parvulis
644 2550 846 2626 interfectis
877 2549 1030 2635 praedam
1053 2551 1118 2614 im·

171 2649 384 2729 pretiabilem
402 2649 640 2731 congregavit.
676 2646 733 2713 Ad
750 2648 1019 2730 propulsandam
1033 2667 1117 2730 ergo
1136 2729 1137 2732 Ἴ

172 2753 305 2811 tantam
331 2748 493 2832 injuriam
516 2755 699 2830 magnates
727 2746 865 2828 Angliee
897 2755 1116 2828 occurrentes

170 2847 483 2926 regemchotorum
498 2848 542 2911 ad
566 2867 631 2911 sua
652 2847 766 2910 redire
784 2839 1032 2928 compulerunt,
1055 2847 1116 2930 'qui

168 2944 247 3027 ejus
267 2947 418 3028 vestigia
440 2945 661 3030 insequentes
683 2953 794 3010 toturn
811 2945 1043 3009 Lodonesium
1062 2946 1116 3008 in·

165 3044 290 3107 *cendio
319 3045 559 3136 tradiderunt3
593 3044 758 3128 quicquid
783 3051 886 3108 extra
911 3046 1027 3108 muros
1060 3064 1114 3108 re-

169 3144 307 3224 periunt
322 3141 448 3225 Anglis
470 3145 575 3208 cessit
599 3145 635 3208 in
661 3143 836 3226 praedam3
865 3149 900 3206 et
925 3143 975 3206 sic
997 3142 1040 3206 ad
1064 3142 1117 3206 in.

169 3244 334 3306 stantiam
350 3243 441 3324 regis
462 3243 654 3320 Scotorum,
676 3241 768 3306 datis
790 3261 900 3324 usque
922 3241 965 3304 ad
988 3241 1115 3305 festum

167 3341 280 3404 sancti
308 3341 449 3405 Hilarii
469 3342 628 3420 induciis
659 3347 847 3423 magnates·
868 3339 1008 3425 Angliae
1037 3357 1115 3406 cum

167 3440 315 3504 uictoria
327 3448 535 3505 remearunt.
568 3449 570 3452 ’
679 3465 681 3470 ·
918 3465 920 3468 ·

162 3679 170 3688 ,
214 3611 356 3690 Qualiter
372 3633 465 3678 comes
478 3595 715 3700 Lepecestmusis
729 3623 757 3678 et
773 3613 984 3679 Fluudrouees
997 3613 1083 3700 copti

518 3714 767 3778 incarcerantur.

219 3821 388 3892 Audiens¹
404 3837 519 3900 autem
538 3829 725 3905 Robertus,
742 3847 856 3900 comes
867 3830 1117 3910 'Legecestren-
1130 3854 1252 3906 captarent
1318 3885 1321 3890 ,

171 3927 232 4017 sis,
247 3946 325 4009 quae
348 3927 391 3992 de
411 3929 554 3991 civitate
571 3948 636 4012 sua
653 3928 746 3991 facta
763 3927 911 4010 fuerant,
926 3933 1041 4005 tactus
1057 3926 1119 4005 do·
1130 3904 1251 3996 {tigilli

171 4020 244 4088 lore
269 4027 381 4090 cordis
409 4018 630 4104 intrinsecus,
653 4047 730 4091 cum
749 4030 866 4089 'uxore
890 4027 925 4087 in
953 4023 1117 4105 Angliam

173 4142 374 4187 reversurus
405 4133 468 4207 per
496 4127 696 4190 Flandriam
726 4124 912 4188 transitum
940 4119 1033 4199 fecit,
1059 4123 1118 4187 ubi
1166 4149 1169 4156 ¹
1219 4151 1222 4155 ·
1254 4151 1257 4156 ¹

174 4223 454 4285 Normannorum
484 4232 520 4288 et
547 4225 825 4299 Flandrensium,
863 4231 935 4295 tam
965 4222 1119 4302 equitum
1169 4277 1172 4285 .

286 4431 288 4438 ,
308 4377 456 4444 murrea]
474 4382 574 4444 Diceto,
585 4383 634 4432 col.
646 4385 711 4440 5⁷33
731 4380 864 4441 Hereden,
876 4395 901 4441 p.
913 4383 971 4442 536.
