3138 5184
396 514 538 562 amans
561 514 830 562 ursmarauru.
1027 499 1094 562 243

151 669 227 749 qnod
240 689 305 732 nec
321 688 442 750 regem
460 667 782 750 Hiemsolymarum
801 668 855 730 rel
873 667 1084 731 Francorum
1104 687 1158 728 in
1171 689 1219 728 nr

151 787 216 830 cum
246 788 370 832 eorum
407 769 603 849 legionibus
640 767 804 830 accedere
841 769 1081 849 permiserunt
1103 740 1228 828 dds„

152 865 217 943 Quo
233 869 391 948 eognito,
414 868 603 949 imperator
618 866 833 930 Conradus
823 887 876 929 ira
892 867 1086 932 vehementi

149 985 320 1030 sumensus
340 987 405 1049 per
417 967 549 1030 medias
565 967 777 1028 Francorum
798 968 892 1029 acies
907 985 986 1030 cnm
1012 969 1086 1030 suis

149 1067 348 1148 principibus
367 1067 412 1128 ad
435 1067 632 1129 certaminis
649 1065 763 1128 locum
780 1067 949 1146 pervenit,
964 1077 1000 1130 et
1015 1069 1086 1130 cui·

148 1164 213 1226 dam
240 1186 289 1228 ex
316 1165 455 1240 Turcis,
487 1165 644 1227 fidelibus
666 1165 815 1228 viriliter
843 1165 1018 1228 resistenti
1049 1179 1085 1230 et

148 1271 271 1327 strenue
309 1265 500 1338 dimicanti,
531 1271 638 1347 eaput
671 1262 859 1343 galeatum,
892 1263 1019 1327 collum
1051 1273 1085 1328 et

40 1427 41 1436 χ
148 1361 315 1427 humerum
347 1363 542 1439 loricatum,
571 1361 749 1425 brachium
790 1363 967 1426 sinistrum
1006 1383 1084 1426 cum

147 1463 291 1544 subjecto
315 1463 438 1539 latere,
453 1483 476 1525 a
495 1463 629 1543 reliquo
651 1481 795 1542 norpore
819 1462 945 1526 educto
967 1461 1085 1542 gladio

146 1563 332 1642 separavit;
370 1563 463 1643 qnod
500 1562 630 1625 factum
665 1561 783 1624 bostes
819 1562 870 1624 ita
904 1561 1108 1638 deterruit,'

145 1661 223 1740 qnod
244 1681 371 1724 versus
399 1663 529 1737 urbem,
554 1660 694 1722 flumine
717 1660 850 1734 relicto,
877 1659 996 1740 sugere
1025 1662 1085 1725 de-

36 1795 37 1828 1
144 1767 319 1823 certarent.
372 1759 526 1824 Obtento
557 1761 676 1840 itaque
707 1758 860 1834 flumine,
890 1758 1008 1823 fideles
1040 1761 1083 1825 ad

146 1859 253 1922 urbem
288 1859 432 1922 liberius
454 1859 658 1922 acoedeutes
681 1878 758 1921 eam
784 1857 963 1922 obsidione
986 1860 1085 1922 cinx-

143 1966 245 2034 erunt,
268 1959 362 2021 unde
385 1960 478 2023 cives
500 1966 580 2040 post
600 1959 741 2038 longam
763 1957 976 2020 obsidionem
1001 1958 1084 2021 lide-

141 2055 215 2120 lium
232 2059 402 2121 virtutem
420 2065 612 2121 metuentes
626 2065 662 2120 et
677 2075 868 2132 numerum,
882 2057 1084 2139 compositis

142 2157 293 2233 sarcinis,
310 2157 402 2219 clam
421 2165 456 2220 et
478 2157 520 2220 de
542 2164 644 2219 nocte
665 2156 708 2218 de
724 2157 867 2220 civitate
885 2154 1005 2238 sugere
1023 2157 1083 2220 de-

141 2262 339 2334 creverunt3
363 2255 422 2319 sed
440 2257 536 2338 prius
558 2263 754 2319 nostrorum
776 2255 922 2330 animos,
937 2275 1084 2337 quorum

31 2403 32 2422 ι
141 2372 282 2435 corpora
294 2356 433 2418 vincere
457 2356 658 2438 nequibant,
674 2373 892 2436 corrumpere
909 2361 1084 2417 tentantes

30 2513 31 2518 ,
139 2451 302 2516 dederunt
329 2453 535 2536 quibusdam
564 2453 778 2536 principibus
809 2472 854 2516 ex
883 2454 1011 2517 nostris
1040 2454 1083 2516 de

29 2547 30 2642 f
139 2553 291 2631 partibus
324 2553 466 2617 orientis
497 2554 679 2636 pecuniam
708 2551 890 2628 infinitam,
918 2554 978 2634 qui
1002 2553 1083 2618 inde

29 2655 30 2672 ²
139 2653 322 2731 proditoris
337 2653 447 2716 vicem
463 2661 623 2734 gerentes
639 2651 853 2716 obsidionem
871 2650 1006 2716 solvere
1024 2672 1083 2716 co·

140 2759 315 2814 narentur.
368 2751 586 2815 Instantibus
603 2758 720 2814 autem
743 2752 787 2815 ad
811 2750 876 2814 hoe
898 2751 1082 2832 proditori·

29 2923 30 2942 χ
139 2849 197 2912 bus
211 2850 427 2927 memoratis,
442 2851 623 2933 loquentes
640 2870 718 2914 cum
734 2851 942 2931 imperatore
956 2858 991 2914 et
1002 2869 1082 2932 rege

29 2943 30 3022 ξ
139 2947 351 3012 Francorum
377 2950 414 3012 in
440 2950 520 3014 dolo
546 2951 693 3030 inceptae
720 2947 910 3011 obsidionis
938 2948 1083 3012 difficul-

137 3053 241 3110 tatem
264 3048 478 3129 allegabant,
502 3055 537 3112 et
560 3049 606 3112 ob
627 3048 691 3112 buc
716 3047 792 3110 aliis
818 3054 918 3111 erant
938 3047 980 3111 de
1005 3067 1084 3130 pro·

136 3145 264 3211 ditione
278 3148 440 3228 suspecti.
482 3147 583 3210 Unde
598 3146 783 3210 eorundem
798 3146 990 3228 principum
1010 3165 1083 3209 ma·

134 3244 242 3309 litiam
272 3244 490 3310 manifestam
519 3246 749 3322 attendentes
782 3253 817 3309 et
839 3245 994 3309 fraudem
1017 3246 1084 3308 ori.

134 3345 301 3407 eutalium
320 3344 544 3422 detestantes
568 3365 686 3409 omnes
715 3351 887 3426 quotquot
914 3350 1012 3408 erant
1040 3343 1082 3407 de

133 3444 291 3522 partibus
315 3444 514 3520 occidentis
537 3445 668 3526 praevio
690 3445 897 3525 imperatore
917 3450 952 3506 et
971 3441 1082 3506 Fran·

134 3559 253 3606 corum
284 3557 379 3623 rege,
402 3542 446 3606 ad
468 3561 576 3624 regna
599 3562 674 3620 sua,
702 3542 821 3605 eadem
847 3541 998 3622 viaque
1023 3562 1082 3605 ve·

132 3649 268 3718 nerant,
300 3648 382 3705 sunt
413 3643 562 3721 reversi3
591 3643 650 3724 qui
679 3641 840 3723 deinceps
869 3659 939 3704 non
971 3640 1082 3703 solum

132 3738 222 3814 illos,
262 3741 322 3822 qui
355 3739 435 3803 huic
466 3740 655 3821 proditioni
684 3738 926 3816 interfuerunt,
955 3737 1015 3802 sed
1048 3746 1083 3802 et

132 3839 288 3901 omnium
325 3839 543 3902 orientalium
573 3839 767 3921 principum
796 3838 1084 3901 abominabantur

131 3937 320 4011 consortia,
338 3944 373 4000 et
388 3938 474 4000 alios
491 3938 534 4004 ad
552 3937 655 4021 hujus
678 3935 964 4019 peregrinationis
987 3953 1082 3998 arno·

131 4054 208 4097 rem
238 4037 351 4098 minus
377 4034 568 4099 efficiebant
592 4036 776 4100 ferventes.
832 4034 963 4098 Eodem
990 4050 1082 4096 anun

133 4133 311 4197 Robertus
336 4134 378 4196 de
396 4128 610 4211 ¹Chaisneio‚
634 4134 894 4198 archidiaconus
916 4131 1084 4212 Legeces·

220 4265 388 4353 muana]
405 4301 434 4334 or
445 4287 477 4336 ce
486 4287 628 4347 erucem
639 4287 670 4335 ue
682 4285 743 4334 area
755 4285 781 4333 tn
793 4284 909 4344 aarum
923 4286 995 4404 unp.

933 4364 948 4400 li
