3144 5180
445 517 512 582 266
703 533 835 582 uocum
859 531 906 582 on
929 533 1137 582 wnunovun

282 706 353 806 ffl-
351 707 435 796 ¹3⁵3„
446 689 688 774 conspicantes
721 690 866 755 militem
891 695 964 754 tam
987 689 1094 754 libere
1124 708 1228 771 super
1256 696 1397 772 pontem

283 805 427 897 pop-turoi
446 790 616 867 incedere,
628 789 772 854 vocibus
794 790 868 853 suis
884 789 1054 875 profanis
1060 791 1112 853 ita
1125 786 1263 852 horride
1282 806 1397 851 aerem

446 895 707 966 concusserunt,
733 888 825 971 quod
849 887 997 952 stridore
1022 888 1083 952 illo
1111 888 1223 970 magis
1246 894 1323 951 erat
1345 895 1399 950 at·

446 990 579 1053 tonitus
603 1007 706 1070 qnam
731 987 889 1051 illatione
910 995 1173 1064 tormentorum,
1198 1006 1276 1068 quae
1301 986 1399 1100 prius

446 1087 562 1152 fuerat
583 1106 605 1150 a
628 1086 842 1150 daemonibus
864 1105 1074 1168 perpessus;
1106 1086 1166 1150 alii
1188 1086 1319 1162 hostes,
1339 1086 1400 1167 qui

447 1189 512 1250 sub
538 1193 645 1268 ponte
671 1186 709 1248 in
731 1184 872 1248 flumine
894 1191 1005 1261 erant,
1025 1205 1133 1249 uncos
1158 1203 1239 1248 suos
1268 1184 1398 1248 ferreos

447 1293 483 1349 et
498 1285 629 1367 ignitos
646 1285 866 1368 projecerunt
883 1283 929 1348 ad
945 1283 1055 1362 illum,
1073 1283 1134 1347 sed
1156 1284 1299 1347 militem
1322 1290 1401 1346 tan-

447 1403 529 1464 gere
546 1385 788 1466 nequiverunt,
804 1390 840 1448 et
855 1383 906 1448 sic
924 1383 1060 1446 demum
1077 1401 1197 1448 secure
1219 1383 1401 1466 processit,

448 1484 531 1566 quia
546 1483 632 1546 nihil
647 1482 714 1546 sibi
730 1483 942 1546 contrarium
958 1482 1104 1547 invenit.

493 1653 582 1732 Quod
595 1653 681 1718 miles
695 1674 716 1716 a
731 1653 887 1718 caralim
898 1653 1066 1717 damonum
1080 1651 1157 1718 liber
1170 1653 1288 1735 ffectus
1302 1651 1354 1718 sit.

401 1829 403 1834 .
499 1775 603 1840 Miles
621 1776 740 1859 itaque
756 1777 907 1840 invictus
910 1777 1008 1859 ,jam
1024 1776 1111 1839 liber
1125 1776 1239 1840 factus
1252 1795 1276 1840 a
1290 1795 1399 1842 vexa·

448 1876 543 1940 tione
566 1875 749 1970 spirituum
767 1874 1032 1951 immundorum,
1047 1875 1135 1939 vidit
1158 1882 1239 1939 ante
1261 1895 1299 1938 se
1322 1896 1398 1940 mu·

448 1995 524 2038 rum
557 1974 666 2038 altum
699 1981 735 2037 et
762 1973 798 2036 in
832 1993 911 2038 aere
938 1962 1122 2051 devexum,
1149 1973 1340 2037 mirabilem
1364 1982 1400 2038 et

447 2080 633 2137 structure
663 2073 940 2155 impretiabilem,
966 2073 1003 2136 in
1031 2093 1100 2155 quo
1124 2081 1261 2156 portam
1281 2092 1398 2149 unam,

447 2173 509 2236 sed
532 2181 649 2236 tamen
672 2173 838 2249 clausam,
865 2173 1050 2251 cernebat;
1084 2172 1159 2236 haec
1185 2172 1336 2235 metallis
1357 2191 1398 2236 ac

447 2271 609 2353 pretiosis
624 2278 797 2336 exornata
815 2270 987 2354 lapidibus
1007 2271 1189 2352 splendore
1204 2270 1400 2334 admirabili

447 2371 620 2448 radiabat,
649 2371 824 2452 adquam
853 2388 931 2434 cum
962 2370 1060 2433 miles
1091 2370 1400 2453 appropinquaret,

447 2470 583 2550 patuit;
610 2476 734 2532 contra
748 2470 860 2551 ipsum
879 2487 979 2551 aquae
990 2477 1099 2533 tantae
1113 2469 1299 2533 suavitatis
1314 2469 1400 2533 odor

448 2567 481 2630 ei
497 2586 680 2631 occurrens
696 2568 818 2644 exivit,
830 2577 881 2645 ut,
890 2569 1022 2632 viribus
1035 2569 1189 2651 corporis
1200 2569 1397 2651 resumptie,

449 2671 622 2729 tormenta
637 2685 717 2747 quae
737 2667 927 2748 pertulerat
943 2668 1009 2731 sibi
1030 2669 1068 2731 in
1089 2667 1305 2749 refrigerium
1323 2687 1400 2731 ver·

449 2771 616 2829 terantur.
668 2764 821 2846 Egressa
837 2772 892 2830 est
907 2767 998 2829 enim
1020 2774 1141 2830 contra
1162 2767 1275 2847 ipsum
1302 2767 1399 2829 veni·

449 2869 576 2940 eutem,
593 2881 672 2926 cum
694 2863 865 2941 crucibus,
887 2865 996 2929 cereis
1018 2873 1054 2929 et
1065 2865 1216 2941 vexillis
1239 2884 1280 2928 ac
1301 2864 1400 2928 velut

449 2961 642 3044 palmarum
674 2980 856 3026 aurearum
882 2965 1001 3040 ramis,
1032 2970 1104 3027 tam
1132 2963 1290 3026 ordinata
1316 2983 1398 3045 pro-

450 3061 572 3137 cessio,
597 3059 690 3143 quod
717 3080 893 3144 nunquam
920 3062 1000 3126 talis
1022 3063 1100 3126 visa
1131 3062 1243 3126 fuerat
1264 3062 1302 3125 in
1331 3061 1399 3126 hoc

450 3158 603 3240 mundo;
634 3161 869 3242 sequebantur
896 3160 1065 3242 praedicta
1090 3161 1134 3224 de
1159 3161 1319 3226 omnibus
1343 3181 1399 3225 or·

451 3258 589 3324 dinibus
622 3259 802 3341 utriusque
834 3276 940 3322 sexus
971 3259 1139 3336 heminae,
1166 3280 1313 3342 quorum
1339 3260 1399 3324 alii

447 3358 700 3442 archiepiscopi
722 3366 757 3422 et
779 3359 944 3441 episcopi,
967 3358 1027 3421 alii
1054 3361 1211 3436 abbates,
1235 3359 1396 3424 monachi

451 3465 487 3520 et
518 3458 722 3541 presbyteri,
746 3476 786 3520 ac
809 3457 1024 3538 singulorum
1045 3457 1200 3522 ecclesiae
1226 3458 1397 3539 graduum

450 3557 611 3633 ministri,
630 3557 690 3639 qui
713 3575 831 3620 omnes
853 3557 962 3620 sacris
984 3556 1139 3620 vestibus
1162 3564 1197 3620 et
1218 3558 1291 3620 suis
1306 3557 1399 3621 ordi-

450 3655 552 3718 nibus
574 3655 735 3737 congruis
756 3655 871 3719 induti
893 3655 1037 3719 militem
1059 3675 1137 3719 cum
1159 3655 1314 3739 jucunda
1338 3675 1398 3719 ve·

449 3755 628 3818 neratione
652 3761 879 3835 susceperunt
901 3761 1006 3837 atque
1028 3773 1106 3817 cum
1129 3762 1296 3819 concentu
1320 3755 1401 3818 har-

444 3853 574 3916 moniae
606 3854 773 3917 inauditae
806 3853 897 3916 infra
934 3861 1070 3935 portam
1102 3872 1220 3918 secum
1252 3853 1400 3917 feliciter

450 3951 701 4016 conduxerunt.
733 3953 851 4015 Finito
866 3953 985 4034 itaque
1000 3959 1181 4030 concentu,
1199 3952 1268 4016 duo
1283 3949 1397 4017 archi·

450 4050 605 4132 episcopi
623 4070 702 4115 cum
724 4070 765 4114 eo
792 4052 974 4133 loquentes
1001 4052 1253 4116 benedixerunt
1267 4052 1397 4129 Deum,

449 4150 509 4229 qui
519 4156 618 4213 tanta
635 4151 832 4214 constantia
843 4151 879 4213 in
896 4151 1090 4227 tormentis
1108 4170 1170 4232 per
1185 4171 1263 4234 quae
1278 4159 1397 4216 trans·

448 4247 489 4310 iit
515 4256 550 4312 et
581 4269 658 4331 quae
690 4250 844 4332 pertulit,
875 4249 951 4333 ejus
984 4250 1133 4313 animam
1166 4250 1399 4315 confirmavit.
