3138 5184
436 541 503 607 204
690 555 824 603 uocum
849 555 896 601 ns
920 554 1125 602 wsunovus

276 711 534 792 l.1›.1m.·reg'ni
564 710 704 790 negotia
735 709 921 774 ordinaret.
980 709 1088 772 Balac
1117 709 1261 784 interea,
1289 709 1390 789 priua

436 829 518 890 ceps
536 808 735 889 praedictus,
751 827 829 886 cum
845 807 993 870 sedecim
1008 815 1219 871 armatorum
1234 806 1390 870 millibus

436 906 460 970 J
462 927 577 990 oppen
587 907 765 971 obsidione
778 906 943 984 vallavit3
963 925 1032 987 quo
1046 907 1177 981 audito,
1187 905 1390 985 patriarcba¹

436 1005 777 1088 Hierosolymitanus
790 1012 825 1069 et
841 1005 938 1085 regni
955 1011 1159 1086 procurator
1175 1002 1387 1076 Eustachius

435 1125 514 1170 cum
534 1105 612 1169 aliis
629 1103 855 1186 principibus,
876 1103 1008 1184 praevia
1030 1101 1172 1176 Domini
1192 1103 1388 1167 misericor.-

435 1203 505 1280 dia,
523 1223 600 1267 cum
623 1209 756 1284 septem
778 1201 931 1264 millibus
953 1209 1163 1264 armatorum
1186 1201 1391 1283 superveni-

436 1310 545 1379 entes,
562 1303 678 1365 hostes
694 1301 812 1364 omnes
826 1300 862 1362 in
879 1299 998 1380 sugam
1013 1305 1200 1380 coegerunt
1217 1307 1311 1362 etex
1331 1301 1387 1363 eis

434 1409 566 1481 septem
587 1398 694 1462 millia
716 1401 945 1480 peremerunt,
968 1405 1073 1478 atque
1096 1396 1209 1478 spolia
1229 1397 1388 1478 impreti-

435 1499 540 1562 abilia
567 1498 691 1561 ibidem
721 1497 915 1560 obtinentes
945 1496 1035 1559 inter
1062 1515 1099 1558 se
1123 1495 1304 1577 aequaliter
1327 1497 1383 1559 di·

433 1596 602 1661 viserunt.
641 1594 770 1658 Eodem
789 1614 881 1658 anno
893 1593 1101 1670 Willelmus,
1119 1595 1384 1659 Gantuariensis

434 1693 576 1772 electus,
604 1693 752 1757 Romam
780 1693 956 1776 profectus
985 1693 1127 1774 pallium
1153 1694 1317 1775 suscepit,
1345 1703 1386 1759 et

433 1812 593 1866 reversus
616 1793 652 1855 in
675 1792 839 1873 Angliam
863 1793 1084 1856 consecratus
1106 1791 1199 1873 apud
1226 1791 1383 1856 Cantua-

432 1891 519 1954 riam
534 1911 556 1955 a
568 1879 756 1969 W’dlelmo‚
768 1891 1003 1964 Wintoniensi
1019 1891 1194 1972 episcopo,
1204 1891 1383 1972 quiapau·

433 1989 467 2053 lo
482 1994 563 2054 ante
580 1992 714 2055 obierat
731 1988 939 2065 RicharduS,
955 1988 1383 2068 Londoniensis.antistes,

432 2087 476 2152 ad
493 2110 594 2171 quem
608 2090 670 2154 illa
686 2089 898 2178 consecratio
915 2087 958 2151 de
970 2088 1049 2171 jure
1064 2089 1255 2170 spectabat.

568 2263 661 2338 Quod
674 2263 803 2348 quidum
814 2262 898 2346 repis
913 2261 1036 2325 inimici
1051 2260 1231 2345 capiuntur.

480 2382 583 2447 Anno
613 2385 756 2447 Domini
789 2399 949 2446 ncxxw.
979 2375 1173 2444 ¹Robertus
1203 2381 1245 2444 dc
1276 2381 1380 2446 Med—

430 2481 503 2545 lent
525 2502 652 2560 comes,
671 2481 852 2546 associatis
870 2481 935 2543 sibi
958 2479 1111 2561 Hugone
1133 2479 1176 2543 de
1191 2479 1380 2558 Muntfort,

429 2582 562 2658 sororio
585 2600 661 2658 suo,
683 2590 718 2644 et
741 2580 895 2661 Hugone
916 2578 1078 2642 Gervasii
1099 2578 1183 2654 filio,
1205 2579 1379 2643 hostiliter

432 2678 682 2742 Normanniam
708 2679 871 2756 intravit3
896 2677 1091 2740 Willelmus
1113 2697 1196 2741 vcro
1220 2677 1263 2740 de
1282 2677 1379 2742 Tan-

428 2775 589 2854 karvilla,
600 2779 692 2859 regis
710 2778 931 2852 camerarius,
945 2776 1084 2839 aciebus
1097 2775 1276 2856 dispositis
1290 2797 1375 2840 con-

428 2883 483 2938 tra
508 2876 587 2939 illos
614 2876 795 2940 decertans
820 2876 914 2957 cepit
939 2894 1011 2951 eos,
1040 2881 1076 2937 ct
1107 2875 1182 2956 regi
1207 2873 1375 2954 Henrico,

426 2980 462 3036 et
490 2993 551 3036 rex
580 2975 721 3048 carceri,
749 2974 985 3056 praesentavit.
1038 2972 1168 3036 Eodem
1201 2993 1293 3037 atino
1315 2975 1376 3038 de-

426 3071 537 3134 functi
559 3079 640 3137 sunt
657 3067 889 3154 ²Theophilus
907 3072 1162 3152 Wigorniensis
1178 3078 1214 3135 et
1231 3066 1375 3136 ³Ernul-

424 3169 482 3231 ¹fus
514 3170 688 3235 Roffensis
716 3171 880 3254 episcopi.
940 3162 1089 3233 4Eodem
1122 3190 1214 3234 anno
1244 3170 1375 3253 Tyrus,

424 3267 537 3351 Syriae
560 3269 772 3352 metropolis,
792 3289 813 3333 a
836 3269 1009 3332 Michaele
1030 3268 1117 3332 duco
1132 3268 1290 3333 Venetiae
1313 3272 1376 3335 ob-

427 3367 560 3432 sidione
576 3370 708 3434 vallata
728 3376 782 3432 est
803 3387 866 3450 per
888 3386 982 3431 mure
1004 3374 1108 3449 etque
1130 3388 1191 3451 per
1207 3375 1334 3432 terram
1352 3390 1375 3433 a

426 3467 640 3549 principibus
670 3469 769 3547 regni
804 3466 1128 3548 Hierosolymorum
1158 3466 1278 3548 quinto
1309 3466 1374 3530 ka-

425 3563 547 3628 lendes
571 3566 702 3642 Martii,
720 3574 755 3629 et
773 3566 877 3629 tertio
899 3563 1067 3628 kalendas
1090 3565 1114 3629 J
1117 3564 1177 3628 ulii
1199 3572 1305 3647 capta
1319 3575 1375 3632 est

425 3668 460 3726 et
473 3661 729 3730 christianitati
746 3664 892 3727 feliciter
907 3664 1080 3726 restituta.
1133 3663 1264 3728 Eodem
1280 3683 1374 3730 anno

423 3780 486 3822 rex
518 3761 712 3827 Jerusalem
749 3763 982 3837 Baldewinus‚
1009 3761 1100 3825 datis
1133 3762 1322 3841 obsidibus,
1351 3784 1373 3827 a

457 3983 599 4036 ¹Rodertus
620 3988 649 4035 de
671 3987 813 4050 dictitent]
831 3988 882 4035 Ro-
906 4001 938 4036 on
960 3985 1002 4034 the
1026 3986 1086 4034 aoth
1108 3985 1138 4034 oi
1156 3985 1268 4036 October
1296 3990 1369 4036 1123.

422 4055 486 4115 bert,
497 4057 550 4104 carl
561 4056 590 4105 oi
599 4056 725 4107 Meulant.
941 4052 1105 4117 ³dimisisse]
1127 4055 1178 4102 His
1197 4055 1273 4104 death
1292 4057 1315 4104 is
1333 4071 1372 4104 rc·

454 4121 667 4188 'Theophilas,·]
692 4125 775 4174 called
797 4126 822 4172 in
839 4124 881 4173 the
906 4123 1371 4173 cordedintheAnnal.Roff.in1123.

419 4192 517 4241 Annels
536 4195 565 4243 of
583 4195 751 4255 winchester,
774 4195 825 4242 and
847 4195 881 4254 by
940 4191 1053 4241 *Eodem
1068 4189 1159 4262 am]
1179 4195 1247 4242 Will.
1264 4195 1325 4254 Tyr.
1342 4209 1369 4254 p.

418 4261 537 4326 Eadmer,
550 4261 749 4313 ‘Theobaldusz’
773 4264 804 4312 he
821 4263 881 4310 died
906 4266 964 4324 828,
975 4278 1038 4324 seqq.
