3178 5194
438 535 574 586 snonns
598 537 869 586 arrroninnuu.
1065 520 1132 586 379

173 700 372 764 fretandum
394 699 431 762 in
453 696 632 782 Angliam,
656 705 697 762 ut
718 716 794 762 eam
817 685 1034 781 subjugaret,
1059 698 1267 763 dis-obnu-

175 799 301 881 sipatis
319 798 459 882 penitus
480 805 516 863 et
536 799 609 864 fere
626 797 828 876 submersis,
848 805 990 864 coactus
1011 805 1065 878 ost
1085 797 1130 864 ad

175 897 331 963 Galliam
347 899 470 963 redire.

315 1072 367 1136 Do
382 1069 522 1158 captione
543 1067 708 1149 Willolmi,
722 1068 804 1157 roais
820 1070 995 1137 Sootorron.

227 1194 284 1259 De
302 1194 463 1277 captione
480 1194 572 1277 regis
595 1194 788 1273 Scotorum,
806 1200 846 1258 nt
865 1195 1017 1260 breviter
1035 1194 1130 1260 dica·
1141 1207 1265 1297 gorumi

57 1275 58 1278 ¹
177 1301 253 1374 tur;
285 1294 380 1357 Dum
407 1293 764 1359 Northanhumbriam
785 1293 943 1371 intraret,
972 1295 1063 1360 sicut
1094 1295 1129 1359 in
1139 1259 1241 1398 affl

176 1413 270 1456 anno
291 1394 482 1477 praeterito,
500 1400 540 1457 ut
561 1412 637 1457 eam
655 1392 860 1477 subjugaret
880 1400 915 1458 ct
934 1413 998 1458 suo
1020 1413 1129 1476 regno
1240 1384 1246 1396 ’

176 1492 350 1557 hostiliter
371 1492 562 1576 copularet,
581 1500 804 1557 occurrerunt
822 1492 854 1556 oi
876 1499 1056 1575 magnates
1078 1513 1132 1558 re·

176 1593 304 1674 gionis,
322 1599 370 1669 et,
387 1593 571 1657 commisso
588 1591 774 1674 campestri
793 1591 927 1675 praelio,
943 1592 1056 1676 ipsum
1074 1613 1130 1658 oe·

176 1699 304 1774 parunt
333 1699 368 1756 et
399 1691 547 1756 vinculis
582 1691 788 1768 arctioribus
819 1692 1129 1774 constrinxerunt3

174 1791 220 1854 de
236 1791 388 1856 formicis
405 1799 521 1856 autem
537 1790 684 1855 Scoticis
699 1797 753 1856 tot
769 1790 961 1855 interfectae
974 1791 1130 1856 referun-

175 1898 248 1967 tur,
266 1891 357 1974 quod
376 1910 556 1955 numerum
574 1908 709 1954 omnem
729 1890 897 1955 excedere
915 1890 1129 1956 dicebantur.

175 1989 278 2071 Rege
303 2010 386 2056 vero
412 1990 505 2072 apud
529 1989 739 2054 Richemunt
763 1989 943 2054 castellum
965 1991 1130 2055 carcerali

174 2089 345 2154 custodiae
360 2089 540 2173 deputato,
559 2089 704 2172 impleta
718 2089 856 2153 videtur
872 2082 1032 2153 ¹Mcrlini
1048 2109 1129 2172 pro·

174 2187 297 2271 phetia
317 2189 476 2266 dicentis,
497 2189 673 2253 ‘Dabitur
694 2188 846 2253 maxillis
871 2189 947 2273 ejus
969 2188 1129 2268 fraenum,

175 2287 270 2370 quod
290 2288 327 2351 in
344 2286 526 2353 Armorico
544 2286 622 2352 sinu
645 2287 871 2352 fabricabitur
881 2287 902 2368 3'
925 2288 1039 2351 sinum
1059 2289 1129 2352 Ar·

174 2388 343 2452 moricum
360 2407 489 2453 vocans
504 2387 686 2452 castellum
703 2386 746 2451 de
762 2387 985 2464 Richcmunt,
1001 2387 1045 2450 ab
1061 2384 1130 2452 Ar-

176 2486 316 2550 moricis
341 2487 553 2570 principibus
576 2493 612 2550 et
636 2493 719 2551 tunc
747 2485 967 2569 abantiquis
993 2492 1127 2570 tempo·

175 2586 272 2650 ribus
291 2585 509 2651 haereditario
518 2586 599 2670 jure
614 2603 824 2668 possessum.
870 2585 920 2650 Ut
935 2591 1051 2650 autem
1067 2606 1126 2651 vc·
1138 2596 1259 2687 iffi?

175 2685 303 2751 raciter
326 2686 600 2769 perstringamus
625 2685 804 2764 beneficia,
828 2704 907 2767 quae
929 2686 1004 2768 regi
1027 2658 1242 2750 Heu-raddo

174 2785 247 2849 rico
270 2785 368 2849 Deus
399 2791 480 2868 post
506 2783 790 2861 satisfactionem,
812 2803 917 2866 quam
939 2785 1005 2848 sibi
1027 2785 1126 2849 exhi-

175 2884 253 2948 buit
269 2891 305 2948 et
319 2885 422 2948 beato
438 2885 593 2966 martyri,
612 2884 679 2967 [et]
695 2903 757 2967 per
773 2883 928 2968 ejusdem
944 2885 1058 2949 sancti
1074 2886 1126 2948 in-

175 2983 417 3048 tercessionem
433 2985 471 3047 in
486 2983 634 3048 articulo
648 2982 813 3066 temporis
830 2984 1006 3066 praestitit,
1023 2985 1125 3048 intel·

174 3083 324 3164 ligamus
338 3103 381 3149 ea
397 3101 475 3165 quae
492 3090 696 3165 sequuntur.
735 3077 836 3146 'Rex
858 3087 975 3146 autem
996 3081 1125 3146 Henri-

174 3201 248 3257 cus,
260 3182 351 3247 votis
367 3183 564 3247 orationum
579 3181 772 3265 completis,
787 3199 809 3244 a
824 3179 1124 3247 Londoniensibus

174 3288 357 3364 susceptus
390 3289 443 3346 est
476 3289 698 3361 reverentem
734 3281 816 3347 inde
843 3279 887 3343 ad
916 3277 1126 3350 Huntendo-

174 3400 255 3444 nam
275 3381 499 3464 progrediens
518 3381 698 3446 castellum
717 3379 853 3444 obsedit
868 3387 904 3445 et
924 3378 1127 3463 subjugavit

174 3479 307 3544 decimo
327 3487 451 3562 quarto
470 3479 638 3545 kalendas
654 3477 820 3562 Augusti,
842 3479 902 3543 ubi
921 3479 1049 3567 milites
1066 3500 1125 3545 co·

173 3580 268 3646 mitis
292 3579 521 3662 Legccestrine
541 3580 585 3644 ad
606 3599 723 3663 regem
741 3577 944 3644 accedentes
966 3579 1124 3644 reddide-

174 3687 256 3744 runt
283 3680 427 3744 castella
457 3679 500 3743 de
530 3679 641 3744 Grobi
667 3686 702 3743 et
732 3678 955 3755 Muntsorell,
980 3685 1021 3742 ut
1045 3699 1124 3744 cum

173 3779 312 3842 domino
329 3798 393 3842 suo
409 3778 527 3843 mitius
544 3799 582 3843 se
600 3778 755 3842 haberet.
787 3777 980 3842 Undecimo
1001 3776 1123 3842 kalen-

173 3878 235 3942 das
258 3876 424 3966 Augusti,
449 3897 608 3961 proceres
632 3877 821 3956 Norenses,
846 3876 968 3940 ducem
993 3875 1123 3940 haben-

172 3984 226 4040 tes
242 3976 389 4041 electum
413 3977 699 4054 lincolniensem,
715 3977 807 4059 regis
824 3973 986 4039 videlicet
1002 3974 1123 4052 filium,

175 4075 374 4152 Malessart,
401 4077 581 4141 castellum
604 4077 736 4158 Rogeri
762 4076 806 4139 dc
829 4073 1017 4150 ldolbraio,
1039 4072 1122 4137 viri-

209 4248 357 4370 lssgferliai]
374 4252 422 4301 See
441 4253 530 4316 above,
548 4252 598 4302 vol.
615 4251 635 4301 i.
689 4247 768 4368 :1⁶35ss
776 4254 855 4299 mom
864 4249 1010 4315 Heumann]
1022 4250 1124 4311 Diceto,

172 4337 198 4382 p.
244 4358 252 4372 .
659 4335 707 4370 co.
769 4353 776 4368 .
