3104 5186
453 553 519 618 108
708 570 843 620 nocnnr
867 570 915 617 nu
938 569 1147 619 wunnovnn

292 751 347 795 nn.
359 754 415 793 ins.
449 726 525 811 jem
542 734 644 795 nocte
659 727 772 792 media
789 728 1007 804 adveniente,
1023 746 1102 790 curn
1117 747 1155 791 se
1177 726 1302 792 civitas
1325 729 1412 791 uni-

292 803 441 897 didimi...
455 846 557 890 versa
571 827 681 910 quieti
696 825 861 903 dedisset,
876 827 1099 908 interpretem
1116 825 1343 894 domesticum
1359 829 1408 894 ad

453 927 657 1008 praedictum
681 926 802 1008 dirigit
824 926 984 1003 amicum,
1009 932 1050 988 ut
1070 926 1115 989 ab
1139 926 1217 1007 ipso
1241 923 1408 1009 inquirat,

454 1031 571 1089 utrum
601 1025 667 1089 sibi
697 1024 809 1088 adhuc
838 1024 971 1090 domini
1001 1024 1057 1088 sui
1084 1023 1251 1088 familiam
1282 1024 1409 1088 edesse

453 1124 550 1192 velit.
602 1122 803 1196 Adveniens
829 1130 946 1188 eutem
979 1121 1123 1188 nuntius
1155 1122 1227 1200 ille,
1260 1142 1339 1188 cum
1372 1124 1406 1187 ei

454 1225 560 1287 verbe
572 1223 703 1289 domini
720 1222 774 1286 sui
792 1221 1024 1306 exposuisset,
1038 1221 1216 1305 respondit
1231 1222 1275 1299 ei,
1290 1227 1300 1258 ‘
1314 1222 1406 1285 Sede

454 1321 511 1392 hic
533 1322 671 1405 quietus
691 1329 728 1389 et
748 1329 838 1399 tuce,
860 1322 970 1386 donec
994 1327 1149 1385 reverter
1170 1320 1215 1387 ed
1233 1319 1292 1385 te!
1338 1321 1406 1385 Ille

454 1441 538 1486 vero
553 1421 733 1503 paululum
748 1428 956 1503 exspectans
973 1439 1154 1504 quousque
1168 1421 1335 1502 magister
1351 1421 1406 1486 vi-

455 1519 578 1601 gilum,
602 1520 664 1602 qui
691 1526 745 1583 ter
765 1518 823 1584 vel
845 1526 969 1604 qnater
994 1520 1032 1584 in
1058 1526 1159 1584 nocte
1181 1537 1298 1611 muros
1322 1539 1404 1584 cnm

454 1617 600 1686 laternis
613 1618 756 1683 circuire
770 1625 1010 1696 consueverat,
1026 1618 1056 1682 si
1074 1638 1161 1702 qnos
1177 1637 1223 1682 ex
1234 1609 1406 1683 'ministris

453 1717 626 1788 inveniret
646 1718 895 1796 somnolentos,
914 1719 1153 1801 pertransiret,
1168 1717 1325 1800 protinus
1348 1719 1405 1782 vir

455 1816 526 1892 ille,
541 1817 618 1882 visa
633 1817 907 1900 opportunitate,
925 1817 970 1883 ed
986 1817 1146 1880 nuntium
1163 1835 1322 1882 reversus
1339 1817 1405 1894 ait,

456 1914 578 1980 ‘Vade
597 1916 667 1982 cito
689 1924 725 1981 et
741 1916 797 1980 dic
813 1917 952 1983 domino
976 1923 1049 1994 tuo,
1068 1923 1108 1980 ut
1124 1915 1271 1981 festinus
1296 1915 1404 1981 edvess

454 2014 529 2080 niet
550 2035 629 2080 cum
643 2015 728 2081 viris
745 2015 886 2081 electis’
938 2014 1009 2093 Qui
1035 2015 1137 2080 citius
1159 2015 1203 2084 ed
1225 2013 1403 2078 dominum

455 2133 634 2181 recurrens
649 2115 782 2180 invenit
798 2135 875 2179 eum
899 2135 978 2180 cnm
996 2113 1208 2198 principibus
1229 2119 1405 2196 paratum,

454 2220 491 2278 et
504 2213 610 2292 illico,
624 2214 715 2278 sicut
736 2214 897 2278 instructi
914 2221 1026 2291 erent,
1043 2214 1159 2278 subito
1180 2219 1260 2277 ente
1279 2213 1405 2282 turrim

454 2313 657 2395 praedictam
689 2313 789 2396 qnasi
819 2314 874 2377 vir
903 2332 993 2376 unus
1018 2312 1055 2378 in
1083 2313 1234 2376 maximo
1262 2311 1403 2376 silentio

454 2412 652 2480 astiterunt.
698 2411 839 2498 Emyier
852 2412 986 2481 interea
1001 2412 1124 2478 turrim
1138 2412 1315 2494 ingressus
1330 2411 1402 2475 fra-

455 2517 543 2576 trem
559 2501 688 2594 reperit
709 2529 830 2575 somno
855 2519 1064 2592 gravetum3
1088 2511 1187 2595 cnjus
1209 2517 1358 2574 mentem
1378 2530 1402 2574 a

455 2629 519 2673 sno
541 2610 719 2692 proposito
735 2610 848 2674 sciens
865 2610 1025 2689 alienam,
1043 2610 1167 2674 timens
1187 2630 1230 2674 ne
1247 2629 1310 2692 per
1322 2629 1403 2674 enm

454 2709 601 2792 inceptae
617 2709 668 2772 rei
681 2709 963 2792 impedimentum
978 2710 1143 2787 eveniret,
1154 2708 1271 2792 gladio
1287 2715 1403 2773 trans-

454 2809 615 2874 verberet
636 2809 763 2892 ipsum,
785 2801 878 2875 facto
904 2811 1023 2875 eodem
1046 2809 1124 2893 pius
1151 2816 1187 2873 ct
1209 2808 1402 2873 sceleratus

453 2907 629 2990 existens3
659 2916 740 2991 post
764 2908 842 2974 haec
867 2915 983 2973 autern
1010 2909 1147 2978 rediens
1171 2915 1206 2972 ct
1227 2908 1403 2992 principes

452 3013 595 3088 paratos
619 3008 844 3090 conspiciens
862 3007 978 3072 funem
999 3007 1150 3073 demittit
1162 3006 1315 3086 inferius,
1330 3027 1403 3090 quo

452 3105 583 3169 scalam
603 3105 646 3170 ad
664 3125 701 3170 se
715 3107 895 3190 pertrahat
911 3108 1139 3174 sublevatam.
1191 3107 1318 3172 Erecta
1334 3107 1403 3189 igi·

453 3210 510 3270 tur
530 3204 638 3284 scala,
654 3198 772 3270 ¹nemo
795 3214 953 3291 repertus
976 3213 1040 3285 est,
1057 3207 1118 3290 qui
1139 3206 1183 3270 ed
1201 3225 1320 3270 vocem
1343 3226 1404 3270 su-

451 3304 598 3386 perioris
622 3304 679 3369 vel
703 3305 748 3369 ad
765 3326 885 3372 vocem
911 3305 1107 3371 Boamundi
1132 3311 1321 3389 praesumat
1344 3325 1402 3370 es·

452 3404 608 3482 cendere,
635 3404 863 3486 proditionem
892 3413 1112 3486 metuentes;
1151 3405 1245 3489 quod
1275 3404 1399 3470 videns

451 3501 676 3567 Bonmundus
693 3505 849 3569 escendit
860 3505 953 3569 illico
967 3505 1098 3568 scalam
1112 3503 1317 3587 intrepidus.
1348 3502 1400 3569 At

451 3601 593 3686 Emyfer
610 3610 732 3668 tenens
746 3623 884 3668 manum
900 3604 975 3687 ejus
990 3604 1100 3668 traxit
1115 3623 1193 3667 eum
1210 3603 1247 3667 in
1264 3602 1400 3682 turrim,

449 3700 613 3779 dicens,'‘
629 3701 736 3768 Vivat
758 3701 833 3767 hecc
855 3702 1012 3768 manust'
1033 3711 1068 3768 et
1085 3702 1214 3766 ducens
1236 3721 1314 3764 enm
1341 3702 1398 3766 in·

450 3800 570 3877 terius,
585 3801 737 3866 ostendit
761 3803 794 3866 ei
815 3801 969 3881 fratrem,
985 3822 1088 3884 quem
1111 3822 1175 3885 pro
1198 3803 1307 3884 opere
1323 3807 1397 3866 tam

449 3906 570 3963 sancto
585 3908 784 3980 necaverat,
802 3901 913 3966 emico
930 3920 1070 3966 causam
1087 3919 1276 3984 exponens.
1309 3899 1401 3966 Ruit

448 3999 556 4079 igitur
567 3999 791 4064 Boamundns
807 4001 842 4064 in
856 4002 976 4065 oscula
989 4000 1054 4066 viri
1071 4001 1303 4068 constentiam
1321 3999 1399 4084 ejus

482 4211 581 4264 ¹Nemo
598 4221 707 4278 reperim
725 4219 784 4280 cst]
813 4193 908 4267 ‘solus
933 4218 1085 4270 Thesaurar.
1096 4219 1220 4270 Murntor.
1228 4223 1287 4269 torn.
1295 4218 1339 4268 vii.
1349 4217 1399 4267 col.

448 4283 629 4338 Bohemundus
641 4285 746 4335 foederis
763 4288 812 4336 tide
829 4287 909 4337 tultus
934 4292 992 4340 694.

446 4367 492 4414 per
513 4353 598 4402 funem
620 4352 750 4408 escendit)
786 4357 909 4408 Bernard.
