3190 5202
495 551 540 616 36
754 563 888 612 noceri
912 561 959 610 ns
977 559 1186 610 wnunovnn

334 741 457 784 annuo.
497 723 679 786 devectum
703 719 919 796 invaserunt,
942 718 1003 800 qui
1026 737 1109 782 mox
1126 723 1221 782 totus
1248 735 1270 780 a
1294 716 1455 780 bestiolis

496 821 566 885 illis
582 819 790 884 dilaceratus
816 816 1023 883 horrendam
1039 836 1159 881 earum
1174 815 1300 880 famem
1322 816 1358 878 in
1375 835 1457 879 mn·

498 927 615 984 mento
632 919 761 983 refecit.

547 1085 596 1149 De
611 1093 704 1150 morte
718 1082 911 1168 Lnnsrnnci,
929 1081 1165 1146 Onntuarioosis
1179 1079 1411 1174 archiepiscope

549 1208 680 1272 Eodem
707 1227 798 1270 anno
815 1200 918 1270 ¹obiit
944 1205 1173 1282 Lanlrancus,
1188 1203 1452 1270 Cantuariensls

402 1326 411 1342 ·
441 1291 446 1302 ⁸
499 1307 790 1390 archiepiscopus,
805 1306 878 1387 qui,
900 1306 991 1369 inter
1003 1312 1129 1370 caetera
1145 1323 1225 1386 quae
1242 1304 1324 1369 fecit
1339 1305 1453 1386 pieta-

498 1407 545 1470 tis
569 1424 687 1487 opera,
710 1405 875 1488 majorem
903 1405 1084 1470 ecclesiam
1109 1403 1239 1468 Christi
1264 1403 1451 1468 Cantuari-

498 1524 616 1568 ensem
642 1505 835 1579 renovavit,
857 1502 1011 1568 officinas
1033 1503 1280 1566 monachorum
1307 1501 1455 1566 fabrica-

499 1603 562 1678 vit,
579 1603 766 1683 dignitates
789 1603 955 1680 ecclesiae,
982 1623 1060 1686 quae
1084 1609 1342 1666 antecessorum
1370 1621 1453 1666 suo·

500 1721 577 1764 rum
591 1697 725 1767 incuria
741 1703 952 1778 deciderant,
967 1701 1179 1772 reformavit.
1195 1708 1306 1764 terras
1322 1701 1452 1764 multas

500 1819 579 1883 quae
610 1801 736 1866 ablatae
766 1801 904 1866 fuerant
935 1800 1124 1879 revocavit,
1149 1801 1274 1881 viginti
1300 1801 1452 1882 quinque

500 1901 654 1964 maneria
679 1903 889 1965 monasterio
918 1900 1071 1964 restituit
1092 1919 1185 1982 saepe
1211 1899 1317 1974 dicto,
1344 1918 1451 1962 xeno·

501 2000 624 2064 dochia
638 2001 695 2067 vel
714 1994 935 2083 ²protrophia
956 1999 1025 2062 duo
1049 2006 1149 2062 extra
1171 1999 1347 2062 civitatem
1369 2018 1453 2061 con-

501 2101 643 2177 struxit,
658 2100 783 2182 quibus
804 2099 846 2164 de
871 2119 935 2164 suo
961 2097 1170 2162 sufficienter
1186 2115 1319 2160 annuos
1337 2096 1453 2162 reddi-

501 2207 557 2263 tus
584 2200 802 2280 assignavit3
837 2199 1018 2263 ecclesiam
1053 2196 1250 2262 Roffensem
1278 2203 1454 2260 restaura-

501 2299 564 2375 vit,
581 2306 617 2363 et
641 2299 677 2361 in
702 2318 743 2360 ea
766 2298 971 2362 monachum
996 2297 1111 2373 Becci‚
1131 2295 1358 2370 Hernostum,
1380 2296 1454 2377 epi-

501 2416 644 2479 scopum
663 2395 847 2470 ordinavit,
863 2397 899 2458 in
927 2396 1027 2478 cujus
1056 2396 1314 2458 consecratione
1331 2413 1454 2458 versus

502 2496 569 2558 is'te
584 2496 747 2560 inventus
763 2501 816 2558 est
832 2514 936 2576 super
949 2494 1081 2572 altare3
1099 2493 1201 2557 ‘Cito
1217 2493 1366 2575 proferte
1381 2501 1455 2556 sto-

503 2593 574 2656 lam
588 2593 759 2674 primam,'
775 2601 841 2658 etc.
894 2593 1006 2671 Quem
1030 2613 1107 2656 cum
1125 2592 1267 2657 vidisset
1285 2591 1456 2673 archiepi-

504 2711 642 2775 scopus,
669 2693 831 2773 praedixit
857 2712 935 2756 eum
958 2694 1027 2756 cito
1049 2692 1275 2769 moriturnm;
1311 2710 1391 2754 nam
1422 2694 1456 2754 ei

503 2793 540 2855 in
567 2792 770 2874 episcopatu
794 2812 885 2855 anno
907 2791 1059 2856 nondum
1084 2791 1255 2874 completo
1276 2790 1456 2853 decedenti

505 2891 673 2955 successit
699 2889 908 2966 Gundulsus,
948 2891 1131 2954 Beccensis
1162 2889 1362 2965 monachus
1394 2891 1456 2970 qui

504 2991 740 3071 perseveravit
771 3010 879 3073 usque
911 2990 947 3054 in
979 2997 1135 3070 tempora
1171 2988 1315 3053 Henrici
1348 2990 1454 3069 regis.

505 3083 712 3152 Abbatiam³
744 3090 836 3152 beati
860 3089 1002 3164 Albani,
1036 3087 1231 3170 Anglorum
1261 3095 1456 3169 protomar-

505 3189 605 3271 tyris,
634 3187 678 3250 ad
713 3196 843 3252 statum
872 3188 1033 3266 reduxit3
1071 3187 1247 3269 Angliam‚
1280 3206 1363 3267 rege
1394 3188 1456 3251 ab·

505 3293 614 3362 sente,
637 3286 834 3362 custodivit,
861 3287 1001 3352 lectioni
1028 3287 1164 3350 assidue
1178 3287 1329 3361 vacavit,
1348 3285 1455 3350 libros

504 3386 631 3448 veteris
652 3405 693 3450 ac
709 3387 789 3448 novi
807 3385 1035 3462 Testamenti,
1053 3387 1259 3468 scriptorum
1277 3384 1362 3448 vitio
1381 3405 1457 3448 cor-

504 3493 638 3567 ruptos,
652 3485 823 3566 corrigere
839 3486 984 3561 studuit,
1000 3485 1100 3568 cujus
1115 3483 1364 3548 emendationis
1379 3484 1456 3549 luce

504 3590 576 3653 tam
593 3583 787 3665 Anglorum
807 3585 952 3648 ecclesia
975 3604 1079 3667 quam
1102 3582 1285 3649 Gallorum
1311 3602 1348 3645 se
1371 3603 1456 3663 gau-

503 3682 563 3753 det
584 3682 762 3747 illustrari.
815 3683 990 3747 Defuncto
1011 3684 1131 3764 itaque
1147 3681 1333 3746 venerabili
1357 3690 1456 3763 patre

539 3901 632 3952 ¹0biit
654 3903 831 3965 Lansrmus]
856 3904 907 3951 For
924 3903 966 3952 the
992 3903 1034 3952 the
1056 3905 1139 3966 ahbey
1160 3904 1200 3953 for
1220 3904 1263 3952 the
1286 3904 1349 3952 sake
1370 3905 1400 3953 of
1415 3905 1455 3954 his

502 3974 547 4027 lire
558 3973 586 4022 of
596 3974 721 4024 Lant'rane
733 3974 832 4022 consult
846 3973 966 4022 Mnlmsb.
993 3973 1109 4022 kinsman
1139 3974 1216 4035 Paul,
1237 3973 1296 4022 who
1318 3974 1370 4022 had
1392 3975 1456 4024 been

503 4043 536 4092 de
549 4043 645 4093 Pontis.
657 4059 683 4104 p.
695 4048 753 4104 205,
764 4057 828 4104 seqq.
853 4039 895 4092 He
907 4041 967 4091 died
993 4043 1066 4091 made
1084 4044 1161 4092 abbot
1171 4047 1197 4092 at
1208 4043 1248 4091 his
1263 4058 1322 4092 own
1337 4044 1458 4093 interces-

502 4114 545 4162 the
557 4114 617 4163 esth
628 4128 657 4162 or
667 4113 728 4161 aeth
739 4111 767 4160 of
777 4112 840 4172 May
850 4114 922 4160 1089.
992 4113 1056 4161 sion.
1092 4112 1157 4161 Mat.
1169 4113 1254 4172 Paris,
1270 4113 1297 4160 in
1312 4113 1353 4161 his
1369 4113 1414 4163 life
1431 4115 1461 4163 of

537 4181 968 4245 'Protrophin.]‘Proeotr0phia,’C.
993 4183 1069 4230 abbot
1086 4182 1164 4243 Paul,
1182 4186 1261 4230 states
1276 4182 1327 4230 him
1347 4187 1373 4232 to
1390 4183 1455 4232 have

539 4248 692 4300 urbatum
731 4251 795 4300 beuti
834 4250 966 4313 Attrah]
992 4252 1065 4312 been,
1087 4251 1223 4313 according
1251 4266 1280 4300 as
1302 4265 1371 4301 some
1394 4268 1457 4314 sup·

503 4319 662 4382 Melmsbury
675 4335 734 4381 says
749 4321 805 4368 that
822 4321 855 4368 he
874 4319 968 4368 rebuilt
992 4321 1081 4383 posed,
1091 4321 1133 4370 the
1144 4335 1190 4370 son
1201 4320 1229 4369 of
1237 4322 1279 4370 the
1294 4322 1455 4384 archbishop.
