3144 5180
427 562 589 614 rnonns
613 570 879 625 arsronmnun.
1066 564 1132 628 347

133 725 272 786 panem
313 715 537 785 collocabat
579 725 793 806 pradictum,
823 751 925 814 quem
952 753 1130 816 nunquam
1143 751 1265 845 &sobrina

133 810 310 888 comedit,
340 815 418 878 nisi
449 823 564 899 gravi
589 826 792 892 necessitato
817 833 1037 914 compulsus;
1069 853 1131 916 po·
1145 850 1256 895 twe-

134 910 194 967 tus
214 906 271 970 illi
298 910 376 976 suit
405 925 549 996 gustus
577 940 677 1003 aquae
701 929 927 1008 permodicus,
951 951 1015 995 nec
1040 931 1132 997 hunc

131 1007 319 1086 sumebat,
341 1013 421 1076 nisi
438 1017 571 1082 valida
586 1021 645 1084 siti
660 1032 821 1106 coactus3
844 1045 1022 1111 nunquam
1034 1031 1132 1114 jace·

131 1101 195 1165 bat
218 1105 260 1168 in
285 1108 408 1188 lecto,
429 1114 499 1177 sed
525 1117 564 1178 in
586 1117 690 1184 humo
711 1124 803 1190 nnda
824 1145 928 1209 super
947 1130 1061 1194 cilicio
1082 1131 1135 1193 la·

131 1201 274 1282 tigatus
299 1207 508 1289 decubuit,
533 1217 648 1298 capite
673 1225 852 1304 supposito
877 1226 1005 1308 lapide,
1031 1249 1133 1311 quem

129 1318 197 1378 pro
228 1323 371 1372 mensa
399 1309 589 1393 habebat3
621 1316 704 1381 luna
730 1321 865 1386 lucente
889 1326 1052 1407 operibus
1080 1329 1134 1390 in·

127 1398 305 1480 sistebat,
335 1413 395 1484 et,
422 1428 558 1475 somno
578 1413 629 1478 ita
653 1416 820 1498 discusso,
847 1424 1063 1489 orationibus
1079 1427 1133 1489 in·

12 1533 13 1584 ss
127 1500 373 1584 cumbebat3
416 1507 541 1572 hieme
570 1512 649 1595 gelu
680 1524 714 1580 et
739 1519 818 1582 nive
849 1521 988 1602 rigenti,
1020 1524 1135 1588 nudus

12 1585 13 1665 ᾗ
126 1595 274 1662 flumen
311 1603 524 1686 ingressus
557 1618 657 1676 nocte
679 1615 726 1678 ibi
746 1624 821 1681 tota
837 1620 953 1682 vivam
973 1623 1135 1706 semotio

12 1679 13 1744 l
125 1713 211 1758 sum
238 1697 429 1766 Domino
465 1705 616 1772 hostiam
646 1711 858 1792 immolabat,
889 1723 924 1780 et
950 1738 1063 1802 usque
1091 1721 1135 1784 ad

124 1794 269 1860 collum
311 1802 543 1866 submersus
577 1809 748 1876 orationes
786 1819 822 1878 et
863 1815 1017 1895 psalmos
1057 1839 1136 1883 cum

125 1891 347 1980 lachrymis
365 1900 627 1982 profundebat.
678 1907 772 1972 Dum
791 1912 842 1975 vir
858 1922 1002 1977 sanctus
1025 1924 1138 1982 staret

125 1991 164 2053 iu
191 1997 332 2076 aquiS,
357 2001 542 2084 apparuit
557 2003 590 2064 ei
610 2023 702 2086 saepe
724 2008 880 2074 diabolus
901 2013 1137 2081 membrorum

126 2092 401 2160 universitate
427 2097 613 2180 distortus,
638 2110 684 2180 et,
706 2125 784 2170 cum
803 2109 840 2172 in
864 2127 942 2173 eum
958 2112 1068 2177 vellet
1091 2116 1138 2181 ir·

12 2259 13 2276 χ
127 2209 253 2270 ruere,
280 2195 406 2278 signo
430 2203 567 2260 sancta
589 2204 698 2265 crucis
721 2205 818 2268 illum
835 2206 1018 2272 confusum
1036 2212 1140 2296 fuga-

12 2285 13 2292 ’
129 2291 202 2368 vit3
236 2300 381 2356 vestes
408 2293 504 2376 ejus,
528 2315 614 2377 quas
636 2300 671 2362 in
693 2303 769 2385 ripa
790 2305 990 2386 reliquerat,
1014 2328 1140 2392 aspor-

130 2390 245 2470 tavit,
263 2411 392 2474 quem
412 2391 593 2456 Godricus
609 2397 659 2460 ita
676 2400 825 2464 clamore
844 2403 1025 2482 deterruit,
1044 2411 1139 2490 quod

130 2497 277 2553 cuncta
297 2491 525 2572 relinquens
543 2492 673 2576 effugit.

135 2661 238 2732 Quod
254 2659 382 2724 boatus
397 2661 557 2726 &odricus
565 2685 700 2747 pueram
713 2689 749 2731 aa
763 2691 814 2732 oro
828 2671 977 2755 imaginis
991 2678 1142 2760 cracisici

188 2761 289 2824 vidit
318 2759 417 2822 aciae
442 2771 473 2823 et
494 2761 530 2823 in
554 2766 664 2828 matra
681 2769 833 2850 gremium
857 2769 1034 2835 aroenae
1057 2797 1140 2838 reve·

187 2869 325 2922 water.

191 2980 275 3045 Die
297 2979 480 3064 quodam,
497 2979 580 3043 dum
596 2983 649 3046 vir
664 2983 806 3048 Domini
821 2986 994 3052 Godricus
1006 2991 1044 3055 in
1057 3015 1137 3058 ora-

136 3081 241 3145 torio
276 3099 355 3144 suo
382 3077 514 3142 sedens
538 3081 741 3161 psalterium
764 3086 964 3164 ruminaret,
981 3090 1072 3156 vidit
1090 3113 1136 3156 ex

137 3199 206 3244 ore
242 3175 429 3258 imaginis
461 3177 621 3242 crucifixi
646 3181 828 3264 puerulum
859 3185 966 3259 exire,
996 3189 1059 3266 qui
1089 3191 1134 3253 ad

136 3279 356 3360 imaginem
397 3275 517 3340 beatae
545 3276 703 3358 virginiS,
735 3297 812 3360 quae
840 3280 877 3342 in
900 3287 1000 3360 parte
1028 3287 1133 3365 aqui-

138 3376 240 3440 lonis
265 3375 402 3438 stabat
426 3373 465 3436 in
485 3374 606 3437 eadem
623 3378 733 3452 trabe,
754 3376 931 3440 descendit
945 3383 980 3440 et
997 3383 1134 3458 gremio

137 3475 264 3560 ipsius
295 3472 449 3538 insedit.
505 3471 575 3536 Illa
596 3492 679 3538 vero
705 3492 827 3536 manus
846 3482 968 3538 contra
987 3479 1132 3542 venien·

139 3582 217 3636 tem
252 3572 468 3636 extendens
501 3571 700 3651 amplexum
729 3570 799 3633 iere
827 3590 888 3650 per
918 3579 990 3635 tres
1023 3573 1131 3640 horas

140 3671 312 3734 brachiis
335 3669 580 3745 confovebat3
611 3688 697 3749 puer
718 3685 867 3748 quoque,
888 3669 1054 3748 quamdiu
1075 3692 1133 3736 se-

140 3770 258 3834 debat
281 3770 322 3832 in
347 3767 493 3849 gremio
512 3766 647 3842 matris,
666 3772 706 3826 ut
724 3765 844 3828 vivens
866 3765 902 3826 in
922 3783 1068 3845 corpore
1093 3789 1131 3832 se

142 3869 337 3943 movebat,
351 3873 390 3930 ct
404 3864 454 3929 ad
465 3862 544 3946 ejus
554 3863 740 3926 adventum
755 3862 884 3942 pariter
894 3869 929 3923 et
939 3861 1132 3927 discessum

141 3974 222 4031 tota
250 3985 374 4029 sacrae
403 3959 560 4042 virginis
583 3961 699 4039 imago
721 3959 771 4021 ita
786 3956 1003 4030 contremuit,
1029 3964 1071 4020 ut
1094 3962 1132 4021 in

142 4066 247 4129 trabe
277 4065 430 4128 ruinam
452 4059 581 4122 minari
602 4057 789 4121 videretur.
842 4053 995 4116 Putabat
1011 4060 1131 4116 autem

142 4165 284 4228 amicus
318 4163 396 4228 Dei
433 4156 615 4222 Godricus
655 4150 817 4230 imaginis
847 4149 999 4211 membra
1030 4149 1133 4213 vitali

141 4265 273 4347 spiritu
294 4257 498 4342 compleri,
516 4260 551 4316 et
569 4268 715 4333 puerum
739 4267 806 4308 non
823 4244 1007 4307 aliudesse
1024 4263 1131 4323 quam
