3104 5186
490 536 555 602 114
740 559 875 612 aoonru
899 561 946 610 nn
969 559 1175 610 wnunovnr

329 721 451 820 mpori
491 710 536 774 do
553 710 660 776 irater
677 713 765 796 ejus,
779 714 997 790 lambertus,
1014 722 1049 777 et
1067 707 1145 782 ¹alii
1158 712 1258 780 multi
1274 731 1351 776 oum
1366 712 1436 790 eis3

330 821 477 862 theomenes.
492 810 564 886 alii,
577 811 619 874 de
636 813 864 880 subventione
881 814 1117 895 desperantes,
1133 812 1177 876 ad
1194 812 1310 880 hostes
1325 811 1438 876 oruois

491 927 530 978 se
552 911 785 988 contulerunt,
808 911 937 978 Christi
963 912 1078 984 fidem,
1097 911 1180 978 facti
1202 911 1311 992 impii,
1334 911 1439 974 dene·

490 1015 626 1088 gantos.
689 1009 800 1079 Erant
816 1019 852 1074 et
875 1011 934 1076 alii
956 1011 1056 1076 multi
1073 1011 1132 1093 qui
1149 1010 1268 1090 sugam
1290 1008 1437 1074 medita·

489 1106 617 1176 bantur
633 1109 791 1185 sollicite,
810 1109 870 1174 sed
888 1129 950 1191 per
964 1111 1163 1192 episcopum
1179 1108 1384 1174 Podiensem
1401 1115 1437 1173 et

488 1204 609 1270 ducem
627 1207 868 1276 Boamundum
888 1209 1028 1278 suerunt
1042 1208 1207 1283 revocati,
1225 1214 1272 1282 et,
1286 1205 1379 1287 quod
1393 1206 1437 1272 de

489 1307 628 1384 negotio
651 1305 782 1370 Christi
800 1327 869 1371 non
891 1307 1101 1385 recederent,
1118 1326 1180 1388 per
1197 1306 1435 1388 juramentum

488 1405 679 1481 constricti,
698 1425 878 1489 quousque
894 1407 1023 1472 bellum
1043 1406 1135 1488 quod
1151 1405 1305 1472 futurum
1319 1423 1436 1484 spera-

488 1500 592 1566 batur
618 1511 709 1568 esset
727 1504 948 1587 completum.
1009 1505 1134 1572 Fames
1157 1511 1325 1585 praeterea
1345 1502 1434 1569 adeo

486 1599 523 1664 in
549 1601 691 1666 civitate
718 1621 837 1669 omnes
865 1604 1001 1680 afflixit,
1027 1611 1066 1670 nt
1093 1622 1165 1687 prae
1191 1602 1434 1668 alimentorum

487 1697 623 1764 defectu
638 1701 736 1782 plebs
748 1703 791 1767 ad
804 1705 921 1784 turpia
935 1702 1037 1770 nimis
1051 1701 1268 1768 incommoda
1280 1700 1435 1768 declina-

487 1804 560 1874 ret;
586 1801 717 1880 gallina
735 1802 854 1865 solidis
874 1801 1068 1885 quindecim
1088 1801 1434 1875 vendebatur,'ovum

486 1897 606 1962 solidis
629 1899 774 1976 duobus,
797 1920 870 1964 nux
893 1921 956 1982 pro
973 1901 1130 1978 denari03
1154 1902 1314 1966 arborum
1335 1897 1435 1975 folia,

486 1997 644 2074 carduoS,
660 2019 826 2081 equorum
842 2008 878 2064 et
892 2001 1066 2068 asinorum
1080 2000 1185 2075 coria,
1197 1998 1412 2064 devorabant
1424 2018 1433 2075 ;

485 2097 668 2160 morticina
689 2117 826 2181 quoqne
843 2106 878 2162 et
900 2117 1028 2162 carnes·
1047 2098 1229 2173 mulorum,
1252 2115 1434 2180 equorum,

484 2193 671 2273 asinorum,
689 2217 825 2274 canum,
842 2203 877 2261 et
892 2198 1068 2261 immunda
1085 2216 1223 2279 qnoque
1244 2195 1435 2262 absorhen·

484 2299 549 2369 tce,
563 2313 625 2374 pro
644 2298 786 2358 summis
801 2296 932 2360 deliciis
947 2297 1165 2378 reputabant.
1211 2295 1298 2358 Erat
1314 2301 1433 2356 autem

483 2392 677 2456 miserabile
699 2395 789 2469 visu,
811 2396 916 2472 vitoe,
938 2397 1035 2478 prius
1054 2396 1216 2462 robustos
1237 2401 1273 2459 et
1294 2394 1434 2474 generis

484 2489 664 2560 nobilitate
690 2492 888 2573 praeclaros,
911 2514 983 2577 prae
1016 2496 1123 2562 nimia
1148 2501 1231 2562 tunc
1253 2492 1436 2560 debilitate

484 2587 616 2652 baculis
646 2592 785 2657 innixos
814 2599 849 2659 et
872 2613 968 2660 arma
1000 2613 1138 2660 movere
1171 2612 1241 2659 non
1262 2590 1433 2657 valentes.

483 2683 681 2752 Willelmus
713 2692 847 2756 interea
878 2693 920 2757 de
947 2691 1199 2767 Grantemcnn,
1222 2698 1258 2757 et
1283 2689 1432 2771 Stepha-

483 2804 548 2850 nus
575 2786 839 2857 carnotensium
868 2811 994 2867 comes,
1018 2798 1054 2853 et
1076 2791 1136 2856 alii
1157 2790 1217 2872 qui
1244 2809 1321 2856 oum
1344 2789 1435 2869 ipsis

483 2884 704 2965 aufugerant,
724 2890 880 2955 miserias
903 2909 990 2970 quas
1012 2890 1104 2970 apud
1122 2887 1341 2956 Antiochiam
1365 2906 1434 2969 pa-

482 2983 657 3048 tiebantur
684 2987 872 3054 Christiani
905 2989 1062 3054 omnihus
1093 2994 1284 3071 exponunt,
1310 2992 1359 3061 et,
1385 3006 1435 3052 ne

481 3082 549 3163 ipsi
571 3086 615 3147 ob
637 3085 747 3151 levem
770 3107 910 3154 causam
935 3095 970 3154 et
994 3095 1157 3169 tanquam
1181 3086 1292 3152 timidi
1314 3085 1435 3150 socios

481 3180 672 3250 deseruisse
699 3186 907 3262 viderentur,
938 3187 1156 3252 afflictionem
1184 3205 1318 3260 eorum,
1345 3184 1434 3253 licet

480 3277 758 3363 incomparabilis
780 3284 914 3361 suisset,
937 3285 1103 3351 studiosa·
1120 3293 1237 3352 tamen
1260 3283 1432 3352 relatione

480 3377 631 3448 efficiunt
656 3383 834 3464 majorem,
867 3403 945 3449 cum
975 3385 1018 3452 de
1048 3386 1185 3466 magnis
1215 3383 1348 3466 mitiora
1374 3382 1431 3450 lo-

480 3487 645 3558 quuntur.
708 3481 897 3549 Venientes
925 3485 1064 3550 tandem
1095 3484 1140 3548 ad
1171 3474 1432 3566 imperatorem,

476 3578 539 3656 qni
570 3598 647 3642 oum
676 3581 909 3662 quadraginta
939 3582 1092 3647 millibus
1121 3582 1336 3656 Latinorum,
1361 3601 1428 3644 ex·

478 3677 588 3756 ceptis
611 3680 719 3759 copiis
742 3699 829 3762 quas
854 3701 899 3746 ex
922 3683 1121 3747 nationibus
1148 3680 1318 3746 universis
1341 3699 1429 3744 con-

476 3780 645 3852 traxerat,
668 3775 892 3846 Antiochiam
915 3780 1138 3863 proficiscens
1159 3781 1287 3844 nostris
1310 3778 1427 3842 subsi-

475 3872 569 3937 dium
590 3877 792 3954 collaturus,
814 3879 865 3942 illi
888 3879 1127 3949 dissuaserunt
1149 3900 1193 3943 ne
1209 3877 1429 3962 procederet,

509 4120 617 4188 ¹Azu.]
640 4125 715 4174 ‘Alii
731 4121 814 4187 multi,
831 4141 937 4187 quorum
961 4131 1021 4175 sunt
1038 4124 1188 4178 inserenda)
1222 4128 1293 4177 Will.
1316 4129 1378 4188 Tyr.
1397 4146 1428 4194 p.

473 4193 765 4256 nominenontenercus;
776 4196 937 4257 qnia,deleta
962 4200 1020 4246 tlt.

472 4261 504 4308 de
515 4261 579 4310 libro
590 4263 661 4324 ritae,
671 4267 790 4324 praesenti
800 4266 871 4325 operi
887 4280 936 4314 non
