3144 5180
386 542 525 592 rconns
548 541 818 594 ursronmnnn.
1019 529 1085 594 2⁸5

36 711 37 730 ¹
135 699 274 764 flectere
304 703 499 783 potuisset3
538 702 741 785 increpabat
770 709 885 768 autem
916 704 1083 768 satellites
1097 719 1218 806 tre-pu·

134 818 214 863 suos
241 800 404 882 princeps
427 801 633 879 daemonum,
656 802 747 884 quod
768 810 840 866 tam
863 803 922 866 diu
941 806 1083 887 presby·
1097 769 1187 818 Μ’

135 906 186 960 ter
205 899 409 964 inflexibilis
427 901 646 983 perstitisset.
692 902 792 990 Tunc
811 903 978 966 accedens
993 923 1084 967 unns

134 1016 266 1073 corum,
279 1003 289 1032 ‘
304 999 403 1080 Ego,’
420 1000 545 1082 inquit,
557 1000 746 1082 ‘decipiam
758 1021 848 1078 eum,
862 1001 945 1084 quia
961 1003 1083 1084 paravi

135 1097 164 1158 ei
189 1098 370 1161 mulierem
398 1119 460 1180 per
488 1099 588 1183 cujus
610 1100 899 1182 pulchritudinem
925 1101 1083 1184 subjicie-

135 1204 190 1258 tur
213 1198 327 1274 nobis,
353 1197 413 1261 sed
439 1198 503 1261 hoc
524 1198 638 1262 tacere
660 1218 728 1262 non
756 1207 877 1281 potero
906 1201 971 1263 nisi
994 1200 1084 1265 infra

134 1295 330 1376 quindecim
346 1316 456 1361 anuos
470 1297 491 1375 ;’·
513 1297 572 1361 ‘Si
588 1297 679 1361 infra
696 1297 787 1360 hunc
810 1299 1016 1376 terminum,’
1034 1299 1084 1364 ait

135 1394 315 1472 magister,
331 1395 448 1458 ‘illum
462 1395 650 1478 deceperis
665 1416 826 1478 maguam
841 1417 912 1460 rem
928 1397 1084 1462 faceres?

135 1493 296 1574 Contigit
322 1502 437 1558 autem
463 1514 504 1558 eo
532 1503 698 1578 tempore,
723 1503 762 1560 ut
788 1497 949 1561 sacerdos
976 1494 1084 1578 juxta

134 1593 419 1657 consuetudinem
438 1613 538 1658 mane
556 1595 790 1658 coemeterium
804 1593 1018 1673 circumiens,
1032 1597 1085 1659 in.

135 1691 307 1755 sautulam
321 1691 428 1776 juxta
443 1712 578 1756 crucem
595 1693 631 1757 in
649 1695 846 1758 coemeterio
864 1694 1013 1777 positam
1030 1696 1084 1759 in·

137 1790 294 1870 veniret3
323 1811 427 1873 quam
450 1791 621 1874 accipiens
644 1793 834 1875 presbyter,
857 1793 986 1876 pictate
1011 1813 1084 1857 mo·

137 1896 204 1967 tus,
235 1891 364 1954 nutrici
387 1910 463 1955 eam
485 1891 737 1956 commendavit
766 1900 802 1955 et
828 1893 924 1956 illam
954 1891 990 1954 in
1017 1892 1085 1956 fili·

139 2007 193 2050 am
220 1987 416 2071 adoptavit,
439 1998 485 2067 et,
512 1992 595 2072 quia
613 1987 910 2055 sanctimonialem
936 2010 1012 2054 eam
1031 1991 1083 2052 fa-

136 2107 213 2150 cere
240 2089 433 2171 proposuit,
463 2090 581 2154 literas
610 2090 742 2154 discere
762 2088 863 2169 fecit3
887 2109 979 2172 quae,
1005 2109 1084 2152 cum

138 2206 249 2252 anuos
284 2189 477 2270 pubertatis
512 2189 699 2271 attigisset,
732 2195 807 2252 erat
840 2189 956 2271 puella
984 2189 1085 2252 nimis

139 2288 308 2369 speciosa,
334 2288 425 2351 unde
447 2290 627 2371 presbyter
651 2288 760 2370 coepit
785 2289 912 2352 tentari
938 2288 974 2351 in
1001 2307 1084 2351 cou-

138 2387 354 2469 cupiscentia
381 2386 469 2470 ejus,
491 2394 527 2450 et
553 2408 622 2469 quo
649 2388 826 2463 secretius,
855 2408 897 2451 eo
925 2387 1084 2469 frequen-

36 2535 37 2576 3
138 2487 220 2562 tius,
242 2486 425 2569 presbyter
447 2492 601 2549 tentatus
623 2506 734 2570 nuper
755 2506 960 2551 consensum
982 2486 1082 2568 petiit

36 2577 37 2602 ¹
140 2593 173 2647 et
196 2583 345 2662 invenit,
366 2604 430 2648 nec
454 2591 570 2648 tamen
593 2586 707 2650 adbuc
731 2585 910 2649 decernis
933 2585 1081 2648 immuu-

139 2682 226 2748 ditia
250 2683 382 2764 aliquid
407 2671 587 2764 agebatur.
651 2685 764 2748 Nocte
785 2685 904 2766 itaque
925 2685 1083 2766 sequenti

140 2790 326 2864 postquam
357 2782 474 2864 puella
508 2784 678 2846 actionem
710 2785 912 2866 presbytero
943 2803 1084 2846 conces-

140 2881 254 2958 sisset,
277 2881 461 2957 daemones,
478 2883 538 2962 qni
555 2882 591 2944 in
607 2881 708 2946 horto
727 2883 902 2947 heremitae
923 2901 968 2945 ex
990 2901 1084 2945 more

139 2987 385 3056 convenerant,
411 2999 576 3062 magnum
604 2980 647 3044 de
676 3001 846 3045 consensu
872 2982 966 3045 facto
997 2999 1084 3062 gau-

139 3078 233 3141 dium
255 3086 511 3161 conceperunt;
536 3080 671 3144 daemon
691 3088 820 3157 autem,
840 3081 899 3162 qui
924 3080 1084 3144 sacerdo-

138 3183 207 3241 tcm
230 3175 389 3259 decipere
415 3179 632 3258 promiserat,
658 3181 825 3262 magistro
853 3198 916 3243 suo
937 3178 1086 3256 dicebat,

139 3277 262 3339 ‘Ecce
293 3278 485 3359 presbyter,
515 3297 617 3359 quem
644 3297 706 3359 per
736 3279 913 3341 mulierem
942 3297 996 3339 me
1025 3276 1085 3340 de-

137 3383 320 3457 cepturum
354 3375 521 3453 dixeram,
552 3377 628 3459 jam
661 3377 727 3440 feci
761 3378 852 3458 quod
885 3397 905 3439 a
938 3377 1084 3456 virgine,

137 3493 245 3556 quam
272 3473 308 3536 in
337 3473 443 3537 filiam
471 3475 699 3557 adoptaverat
726 3483 762 3538 et
790 3475 1085 3538 sanctimonialem

137 3574 254 3637 facere
275 3573 488 3650 decreverat,
511 3593 717 3638 consensum
741 3575 852 3656 stupri
876 3581 997 3656 petens
1020 3575 1067 3639 im

137 3673 305 3754 petravit,
328 3679 362 3735 et
388 3691 465 3734 cras
486 3672 573 3736 hora
593 3673 782 3737 meridiana
806 3692 894 3755 opus
915 3672 1085 3737 nefarium

138 3773 182 3836 ad
201 3771 362 3835 effectum
377 3771 564 3853 perducam
578 3772 599 3851 ;'
621 3773 752 3854 gratias
767 3791 849 3854 ergo
867 3772 898 3835 ei
919 3772 1085 3853 magister

137 3871 213 3952 egit
234 3877 271 3933 et
294 3870 439 3934 viriliter
460 3871 573 3952 ipsum
592 3870 714 3934 fecisse
736 3871 884 3936 dicebat.
930 3871 997 3935 Die
1016 3870 1084 3933 ita·

137 3989 207 4051 que
238 3969 392 4032 crastino
427 3969 608 4052 presbyter
636 3969 788 4051 puellam
816 3987 946 4033 vocans
977 3969 1086 4032 intro·

137 4068 242 4132 duxit
265 4066 362 4130 illam
380 4067 416 4129 in
444 4067 638 4133 cubiculum
664 4088 765 4132 snum
783 4077 818 4134 et
834 4087 910 4131 earn
935 4068 972 4130 in
995 4066 1085 4131 lecto

137 4165 338 4241 collocavit,
372 4172 406 4228 et
432 4173 531 4229 stans
566 4174 648 4231 ante
678 4168 805 4230 lectum
829 4167 867 4228 in
895 4166 1086 4229 tentatione

135 4267 275 4347 positus
310 4264 480 4345 cogitavit
512 4266 596 4348 quid
623 4274 715 4330 esset
748 4266 915 4342 facturus,
947 4271 982 4329 et
1009 4257 1086 4328 tan-
