3144 5180
411 523 551 572 cuorus
574 524 846 576 ursumnmnuu.
1004 525 1008 538 ·
1034 513 1101 580 269

145 675 287 742 clesium
304 678 480 759 perduxit,
497 681 557 746 ubi
579 702 642 764 per
661 683 735 748 dies
752 683 949 766 quindecim
967 685 1095 750 oratio·
1111 703 1166 742 nn.
1178 705 1234 744 11⁵³.

145 775 246 842 nibus
263 777 412 844 devotus
429 780 596 858 instabat,
612 789 648 848 et
664 783 734 848 illis
750 784 801 848 sic
819 784 940 848 diebus
956 784 1096 866 elapsis,
1108 753 1262 894 ffils‘ll'

144 893 245 940 mane
271 877 379 942 missa
408 879 572 960 aprione
604 880 791 959 celebrata,
817 901 917 948 sacra
942 901 1095 949 commu·
1124 881 1129 891 '
1157 864 1170 896 ⁸
1198 865 1216 894 θ’

143 974 246 1038 niono
276 976 420 1041 militem
450 980 689 1056 communivit,
723 981 982 1065 adductumque
1017 1002 1095 1066 spa,

144 1072 257 1138 luncae
273 1075 453 1142 introitum
473 1095 566 1158 aqua
582 1097 662 1144 eum
679 1080 861 1146 benedicta
883 1081 1044 1163 aspersit,
1059 1089 1095 1153 et

143 1179 266 1253 aperto
281 1175 372 1238 ostio
386 1174 489 1252 dixit,
503 1181 513 1210 ‘
527 1176 619 1240 Ecce
632 1197 723 1242 nunc
741 1179 888 1246 intrabis
905 1180 941 1244 in
955 1182 1094 1246 nomine

142 1270 165 1334 J
167 1291 230 1334 esu
249 1271 392 1350 Christi,
408 1281 443 1338 et
460 1293 522 1355 per
539 1278 792 1343 concavitatem
815 1278 989 1360 speluncae
1004 1286 1093 1342 tam·

142 1369 201 1433 diu
224 1371 430 1448 ambulabis,
454 1373 564 1438 donec
592 1375 629 1438 in
655 1395 762 1442 unum
785 1396 944 1458 campum
970 1376 1091 1446 exiens

143 1470 259 1534 aulam
275 1471 430 1536 invenies
445 1473 730 1544 artificiosissime
745 1474 969 1555 fabricatam
988 1495 1091 1558 quam

142 1587 220 1633 cum
245 1570 423 1651 ingressus
446 1570 564 1648 fueris,
582 1575 702 1639 statim
725 1593 770 1638 ex
793 1581 892 1656 parte
915 1573 983 1638 Dei
1005 1592 1093 1641 nun-

144 1669 210 1732 tios
227 1668 383 1746 habebis,
398 1670 458 1752 qui
476 1671 539 1738 tibi
561 1672 618 1754 pie
634 1673 719 1756 quid
737 1674 844 1741 sacies
866 1672 1092 1738 indicabunt.’

143 1766 209 1830 Vir
235 1775 354 1834 autem
376 1768 435 1834 illc
460 1770 594 1836 virilem
612 1790 736 1853 gerens
763 1772 914 1836 animum
938 1772 982 1836 ad
1005 1792 1093 1856 pug-

142 1885 220 1931 nam
237 1867 434 1932 damonum
449 1868 615 1933 audacter
631 1871 803 1953 prorupit,
820 1877 925 1954 atque
939 1873 1091 1950 omnium

141 1985 178 2028 se
208 1967 423 2033 orationibus
445 1969 690 2036 commendans
711 1970 861 2036 frontem
883 1989 983 2033 suam
1002 1971 1091 2034 vivi·

142 2063 215 2128 ficte
236 2066 351 2130 crucis
382 2066 483 2147 signo
508 2068 658 2133 munivit
680 2076 716 2132 ct
738 2068 931 2150 intrepidus
954 2076 1091 2149 portam

141 2163 297 2241 intravit,
319 2173 367 2242 et,
390 2167 480 2230 ostio
501 2173 582 2248 post
602 2187 682 2232 eum
701 2169 877 2243 obserato,
897 2167 993 2248 prior
1014 2186 1089 2232 cum

16 2333 17 2368 ,
141 2265 359 2343 processione
373 2265 553 2331 ecclesiam
570 2267 744 2348 repetivit.

212 2438 304 2524 Quod
316 2438 402 2504 aniles
416 2439 463 2504 cd
475 2438 583 2504 colom
591 2440 774 2524 perveniens
788 2459 855 2505 eom
872 2439 1014 2503 introbit.

190 2561 296 2625 Miles
318 2562 437 2643 itaque
453 2582 515 2643 per
536 2563 738 2643 speluncam
762 2561 930 2625 audacter
949 2582 1088 2644 progre-

141 2660 237 2724 diens
265 2661 382 2724 lumen
418 2662 586 2742 paulatim
619 2662 727 2725 totius
756 2659 927 2726 claritatis
960 2662 1088 2736 amisit,

142 2761 200 2822 sed
214 2760 368 2836 tandem,
385 2779 493 2842 parvo
507 2761 636 2831 lumine
651 2766 853 2842 apparente,
871 2759 915 2824 ad
930 2777 1089 2840 campum

142 2859 345 2940 pradictum
366 2860 524 2940 pervenit
539 2868 575 2927 et
598 2860 736 2938 aulam
758 2859 823 2922 lux
845 2859 893 2922 ibi
915 2877 984 2926 non
1002 2866 1089 2936 erat,

141 2958 203 3022 nisi
222 2959 338 3040 qualis
359 2958 396 3026 in
412 2978 557 3039 vespera
578 2958 635 3022 hic
654 2958 812 3034 habetur,
834 2957 916 3022 aula
938 2957 1090 3038 parietes

141 3076 208 3121 non
230 3057 395 3134 babebat,
415 3057 475 3124 sed
492 3057 662 3124 columnis
679 3064 755 3122 erat
776 3076 839 3139 per
860 3076 985 3140 gyrum
1007 3057 1089 3120 sub·

15 3158 16 3181 ¹
141 3157 237 3232 nixa,
252 3163 293 3222 ut
312 3157 501 3225 claustrum
523 3157 613 3225 solet
633 3157 894 3222 monachorum.
946 3154 1088 3235 ingres·

140 3274 269 3337 susque
286 3274 376 3332 eam,
393 3262 428 3323 et
444 3257 539 3323 lutus
560 3256 698 3332 sedenS,
714 3255 833 3322 oculos
850 3253 1005 3318 studiose
1021 3252 1088 3316 huc

15 3330 16 3366 ¹
140 3355 293 3436 illucque
316 3355 500 3432 convertit,
532 3356 708 3421 admirans
735 3355 830 3418 iuius
861 3351 1088 3434 pulchritudi-

140 3473 216 3518 nem
244 3460 281 3517 et
312 3460 550 3534 structuram
582 3455 642 3518 ubi
666 3474 744 3520 cum
778 3451 957 3535 paululum
993 3450 1088 3526 solus

141 3553 299 3627 sedisset,
323 3572 403 3619 ecce
433 3553 629 3634 quindecim
658 3553 724 3624 viri
751 3551 852 3635 quasi
880 3549 1034 3632 religiosi
1053 3556 1089 3614 et

15 3667 16 3676 ¹
141 3670 250 3732 nuper
271 3651 355 3727 rasi,
374 3651 532 3737 albisque
555 3653 710 3724 vestibus
735 3650 859 3727 induti,
882 3650 1014 3730 regiam
1036 3649 1088 3712 in-

15 3790 16 3817 t
142 3756 334 3826 travernnt,
355 3757 390 3814 et
412 3750 605 3817 salutantes
624 3769 704 3817 eum
727 3749 763 3817 in
783 3749 921 3820 nomine
948 3747 1088 3822 Domini

15 3909 16 3912 ,
141 3848 383 3914 consederunt.
441 3848 554 3925 Tunc,
579 3848 657 3914 aliis
685 3849 895 3923 tacentibus,
923 3864 1013 3913 unus
1038 3845 1090 3908 lo.

15 3953 16 4036 ζ
140 3948 313 4029 quebatur
329 3967 407 4012 cum
429 3948 507 4029 ipso
523 3948 653 4023 dicens,
677 3947 910 4012 ‘Benedictus
928 3944 973 4006 sit
992 3943 1089 4006 Deus

142 4047 372 4128 omnipotens,
397 4048 457 4128 qui
467 4048 601 4114 bonum
622 4047 686 4110 tibi
703 4046 920 4128 propositum
943 4041 1091 4123 inspira-

141 4145 204 4221 vit,
220 4153 261 4208 ut
283 4147 519 4228 propeccatis
541 4147 612 4213 tuis
636 4145 876 4228 purgatorium
898 4141 965 4207 hoc
984 4141 1093 4204 intra»

141 4263 216 4322 rcs;
235 4243 308 4320 sed,
325 4244 439 4310 uisite
451 4244 599 4312 viriliter
614 4245 757 4323 habeas,
771 4261 915 4326 corpore
929 4247 965 4304 et
979 4241 1095 4304 anima

947 4373 959 4407 s
970 4363 986 4407 2
