3104 5186
400 530 538 578 anonas
561 513 830 580 srsronrinuu.
1029 511 1093 578 111

136 684 217 748 mini
230 686 423 751 millesimo
446 688 671 770 nonagesimo
686 693 824 766 octavo,
840 705 958 753 mense
972 685 1095 765 lunio,
1105 705 1231 806 mugi

135 785 238 849 tertia
254 785 317 850 die
334 788 477 852 mensis.
1105 806 1256 848 ruem.

180 940 232 1004 Da
249 941 431 1023 Seaaaloh,
445 953 474 1008 et
489 941 623 1030 qualiter
636 941 793 1009 catellum
805 965 895 1010 sama
909 943 1045 1010 tradidit

514 1040 723 1108 Uortumnus.

186 1163 278 1230 Post
295 1173 439 1248 captam
455 1173 573 1231 autem
588 1164 823 1245 Antiochiam,
839 1187 918 1232 eum
942 1167 1094 1232 civitatis
1107 1195 1190 1236 treve
1200 1197 1225 1234 a

141 1265 328 1343 tumultus,
344 1265 419 1349 jam
445 1265 575 1331 sedatis
597 1267 768 1343 omnibus,
790 1267 993 1349 quievisset,
1011 1287 1094 1332 con·
1108 1246 1210 1296 ΚΜ

141 1371 312 1428 venerunt
341 1365 514 1448 principes
542 1366 579 1429 in
609 1385 729 1443 unum,
755 1367 929 1429 communi
955 1365 1095 1432 decreto

141 1468 352 1540 statuentes,
366 1472 407 1527 ut
415 1471 580 1541 montem,
592 1465 652 1547 qui
662 1464 739 1528 urbi
752 1463 964 1542 imminebat,
973 1485 1094 1531 ascen-

142 1560 274 1640 derent,
298 1569 338 1626 et
356 1563 460 1627 situm
484 1564 520 1627 in
543 1583 584 1628 eo
608 1563 806 1645 praesidium
827 1573 1093 1647 expugnarent3

142 1679 208 1740 quo
236 1663 496 1743 pervenientes,
522 1681 600 1726 eum
630 1662 673 1727 de
695 1662 882 1745 municipio
907 1671 1095 1740 constaret,

143 1759 233 1840 quod
249 1762 395 1824 omniuo
404 1769 496 1826 esset
505 1760 776 1844 inexpugnabile
785 1762 852 1826 nisi
861 1761 952 1826 fame
961 1782 1094 1845 preme·

142 1865 247 1936 retur,
265 1859 314 1924 ad
331 1861 403 1924 alia
418 1881 456 1924 se
476 1867 682 1942 argumenta
698 1867 955 1925 converterunt.
1009 1863 1096 1926 Erat

145 1963 258 2022 autem
284 1959 321 2022 in
342 1958 403 2022 illo
417 1959 579 2042 praesidio
595 1959 752 2024 dominus
765 1966 801 2023 et
815 1953 1096 2041 magister¹Sen·

145 2056 300 2136 saboluS,
316 2054 460 2136 Ariani,
482 2058 556 2123 sive
579 2057 755 2135 Garsiani,
778 2059 968 2141 supradicti
991 2059 1096 2136 filius,

146 2174 221 2219 cum
244 2157 359 2239 copiis
381 2157 573 2222 Turcorum
595 2158 725 2235 multis,
743 2158 804 2241 qui
825 2157 861 2222 in
880 2157 1097 2223 Gorbaranni

147 2264 181 2318 et
197 2255 389 2319 Persarum
410 2256 642 2322 multitudinis
663 2256 815 2321 adventu
836 2276 933 2340 spem
953 2277 1096 2340 ponens,

148 2372 222 2416 cum
238 2356 356 2446 ipsum
370 2356 406 2418 in
423 2364 539 2438 partes
555 2354 791 2421 Antiochenas
813 2355 995 2420 advenisse
1016 2377 1098 2439 cog-

149 2455 258 2532 novit,
277 2452 436 2536 confugit
457 2455 502 2518 ad
521 2475 599 2519 eum
620 2474 698 2519 eum
714 2454 901 2539 lachrymis
923 2455 966 2518 de
987 2464 1098 2520 morte

149 2555 258 2634 patris
282 2560 317 2617 et
337 2552 532 2618 Antiochiae
554 2554 768 2618 desolatione
791 2553 968 2636 querelam
990 2555 1098 2637 depo-

151 2671 244 2717 nens
300 2651 367 2718 Cui
393 2652 649 2733 corberannus
679 2657 690 2688 ‘
702 2651 740 2716 si
773 2652 948 2730 volueris,’
972 2651 1098 2737 inquit,

151 2755 215 2815 ‘ut
243 2752 330 2816 totis
352 2751 483 2816 viribus
509 2772 573 2835 pro
607 2760 642 2817 te
673 2751 893 2830 contendam,
918 2752 1098 2816 castellum

151 2859 248 2914 tuum
268 2851 305 2914 in
326 2870 431 2915 manu
451 2857 571 2914 nostra
592 2851 780 2928 committe,
800 2857 848 2928 et,
867 2870 946 2914 cum
968 2870 1034 2933 ego
1056 2851 1099 2916 de

152 2956 185 3012 te
205 2970 350 3015 securus
371 2950 481 3029 fuero,
498 2948 713 3032 plebeculam
739 2950 835 3013 illam
859 2950 942 3013 totis
967 2950 1100 3014 nisibus

153 3048 386 3133 impugnabo?
436 3048 660 3126 Sensabolus,
684 3048 900 3113 corbaranni
924 3049 1101 3131 petitioni-

153 3149 215 3212 bus
238 3147 476 3230 adquiescens,
499 3148 723 3231 municipium
746 3148 812 3211 sub
833 3154 1008 3229 potestate
1027 3156 1099 3211 tra-

154 3245 238 3311 didit
270 3247 486 3328 desensoris3
528 3245 773 3312 Corharannus
808 3245 927 3329 itaque
957 3255 1101 3329 accepto

154 3345 295 3410 castello
322 3365 404 3409 suos
432 3347 609 3429 imposuit,
642 3354 678 3411 et
705 3345 897 3411 Sensabolo
931 3345 1101 3409 auxilium

156 3441 253 3507 fidele
266 3445 436 3527 promisit.
475 3443 668 3509 Audientes
683 3445 802 3528 itaque
818 3443 991 3527 principes
1008 3445 1101 3527 qued

156 3539 398 3606 Corbarannus
436 3543 480 3606 ad
520 3543 605 3608 fines
635 3543 873 3609 Antiochenos
913 3544 1101 3626 appropin-

157 3647 307 3721 quasset,
338 3642 394 3705 die
430 3641 542 3706 altera
576 3651 657 3726 post
685 3650 823 3727 captam
856 3643 988 3720 urbem,
1023 3663 1101 3707 cum

156 3739 245 3804 cirea
266 3738 343 3823 ejus
365 3740 555 3804 custodiam
578 3749 614 3806 et
633 3761 696 3825 pro
718 3741 892 3805 alimentis
915 3741 1102 3805 inferendis

155 3838 255 3902 nimis
284 3845 401 3903 essent
431 3840 582 3919 solliciti,
606 3860 686 3905 ecce
718 3838 853 3923 equites
883 3839 1029 3904 trecenti
1059 3839 1103 3906 de

157 3938 309 4002 exercitu
327 3936 542 4003 corboranni
563 3940 741 4004 venientes
766 3945 849 4002 ante
874 3939 993 4002 urbem
1016 3940 1103 4002 satis

156 4035 294 4115 lascive,
309 4045 349 4101 ut
362 4037 501 4102 nostros
518 4037 710 4104 aderitum
724 4045 966 4122 prouocarent.
998 4036 1101 4114 Quod

239 4279 246 4310 ¹
259 4283 403 4333 Sensubolus
410 4284 433 4346 ,·]
450 4283 534 4334 called
544 4285 697 4336 sansadoles
707 4287 742 4346 by
754 4284 924 4345 manshun,
935 4280 948 4347 ξ
959 4287 1017 4334 861.
