3104 5186
408 605 547 654 nnonns
570 592 1094 658 nrsron1annn.101

144 769 259 842 pantes
275 762 514 846 municipium,
530 762 617 828 illud
637 763 765 828 nostris
784 763 996 847 principibus
1013 765 1091 830 red·
1102 780 1159 822 nn.
1169 781 1227 822 roa

146 855 310 927 diderunt.
365 861 573 927 Ceciderunt
590 869 706 927 autem
722 863 778 926 die
792 862 855 927 illa
871 883 916 930 ex
932 862 1090 930 hostibus
1102 831 1256 926 sitem

147 959 188 1022 ad
212 961 280 1025 dno
311 960 434 1040 millia,
452 982 498 1025 ex
522 963 648 1046 quibus
674 961 866 1044 quingenta
890 962 1008 1044 capite
1036 983 1090 1028 re·

145 1065 320 1140 portantes
346 1079 426 1125 cum
451 1061 545 1125 mille
569 1062 668 1144 equis
693 1060 833 1144 optimis
859 1069 896 1128 et
919 1061 1091 1130 manubiis

144 1159 285 1240 copiosis
303 1159 348 1222 a'd
366 1166 483 1228 castra
496 1161 626 1225 reversi
641 1166 734 1238 sunt,
754 1161 883 1228 multas
900 1159 1091 1242 gratiarnm

145 1257 293 1322 actiones
309 1258 464 1324 Domino
477 1260 725 1344 persolventes.
761 1257 867 1326 Cives
884 1278 1022 1342 quoquc
1038 1260 1092 1326 in·

145 1363 244 1435 terea,
264 1377 330 1440 per
346 1365 484 1439 portam
506 1358 658 1424 civitatis
681 1359 839 1424 certatim
861 1358 1091 1440 egredientes,

145 1453 210 1520 fere
232 1464 310 1536 tota
334 1456 390 1522 die
415 1457 543 1522 nostris
569 1457 775 1540 gravissima
802 1455 994 1522 intulerunt
1017 1477 1093 1524 cer·

37 1597 43 1614 .
143 1555 279 1633 tamina,
296 1555 408 1620 donec
425 1563 619 1621 nostrorum
642 1555 822 1620 audientes
843 1556 1031 1622 adventum
1053 1557 1088 1622 in

143 1653 279 1719 civitate
302 1673 380 1720 sese
400 1662 618 1739 receperunt.
671 1655 852 1738 Principes
874 1656 993 1737 itaque
1015 1656 1089 1721 vic·

144 1758 230 1818 tores
247 1753 293 1820 ad
318 1755 531 1819 obsidionem
547 1754 678 1822 reversi
700 1755 850 1822 ducenta
865 1754 983 1838 capita
997 1753 1088 1820 Tur-

142 1871 267 1930 corum,
290 1854 482 1936 insignum
504 1852 669 1936 triumphi
688 1860 724 1919 et
743 1853 872 1918 doloris
893 1873 1012 1920 eorum
1034 1855 1088 1920 in-

142 1960 361 2030 crementum,
386 1952 555 2017 machinis
576 1949 794 2038 Jaculatoriis
820 1953 857 2018 in
880 1953 1000 2016 urbem
1023 1953 1089 2016 im-

142 2049 229 2115 mitti
260 2051 435 2132 fecernnt;
468 2058 596 2116 caetera
624 2071 708 2116 vero
739 2058 822 2117 ante
850 2052 969 2116 urbem
1000 2052 1091 2135 palis

142 2151 276 2215 confixa
291 2157 503 2229 statuerunt,
519 2158 647 2216 uttam
669 2151 743 2216 haec
765 2170 870 2235 quam
892 2151 955 2218 illa
971 2170 1090 2220 eorum

141 2249 316 2316 molestias
333 2251 558 2334 adaugerent.

248 2427 417 2514 Perepriai
430 2405 556 2496 trema
570 2449 591 2492 a
609 2427 720 2494 Parcis
727 2433 978 2514 praemuntur.

190 2545 345 2632 Cumque
378 2549 551 2632 principes
582 2569 701 2615 omnes
726 2549 770 2614 ad
798 2548 1011 2613 obsidionem
1037 2567 1087 2613 re·
1100 2561 1199 2656 ⁸¹⁸i⁶⁰i

139 2646 226 2709 versi
253 2646 414 2726 fuissent,
439 2648 610 2713 invadunt
634 2649 758 2713 acriter
784 2647 937 2712 universi
958 2648 1087 2712 moenia

140 2744 311 2827 civitatis3
334 2753 457 2812 contra
475 2763 563 2831 qnos
581 2747 676 2813 cives
697 2748 862 2813 acerrime
879 2746 1086 2812 rebellantes

138 2844 337 2926 signiferum
370 2846 552 2912 Pediensis
581 2847 734 2930 episcopi
765 2854 802 2910 et
835 2847 963 2914 multos
1000 2845 1087 2910 alios

138 2953 364 3026 peremerunt.
415 2945 584 3024 Tandem,
606 2965 684 3010 cum
703 2946 738 3012 in
760 2965 912 3012 mensem
928 2945 1088 3028 quintum

138 3063 173 3107 se
196 3044 416 3127 protraheret
440 3046 586 3124 obsidio,
610 3052 776 3110 venerunt
798 3063 906 3112 naves
927 3043 1086 3112 Januen·

139 3142 236 3222 sium,
270 3145 472 3228 peregrinos
499 3153 535 3211 et
565 3144 731 3212 victualia
760 3143 922 3221 ferentes,
955 3151 991 3212 ot
1018 3143 1087 3210 fre-

138 3245 320 3323 quentibus
336 3245 467 3310 nuntiis
484 3244 677 3326 exigentes,
694 3250 747 3322 ut,
763 3242 878 3308 missis
894 3241 1028 3323 aliquot
1043 3242 1088 3312 de

138 3343 360 3426 principibus,
387 3362 506 3408 secure
532 3363 592 3408 eos
623 3343 668 3410 ad
686 3349 809 3410 'castra
834 3341 1085 3422 conducerent;

137 3441 226 3521 qnod
248 3442 430 3508 audientes
450 3442 635 3526 peregrini,
655 3442 716 3525 qui
738 3442 775 3508 in
790 3441 969 3528 obsidione
986 3448 1086 3508 erant

138 3547 170 3610 et
198 3541 326 3606 victus
343 3543 488 3625 penuria
519 3543 749 3627 vexabantur,
775 3540 932 3606 infinitus
964 3559 1084 3608 corum

138 3659 296 3706 numerus
307 3641 352 3705 ad
366 3660 461 3706 mare
470 3639 660 3718 deseendit,
675 3641 746 3719 ubi,
759 3640 908 3723 peractis
922 3639 1085 3721 negotiis,

137 3740 179 3804 ad
193 3747 310 3806 castra
326 3739 437 3806 redire
452 3747 662 3823 proponunt.
677 3803 679 3808 ,
708 3741 895 3821 Eliguntnr
907 3739 1026 3820 itaque
1041 3737 1086 3806 da
1112 3812 1114 3818 7

136 3839 347 3924 principibus
376 3840 534 3904 dominus
557 3839 792 3916 Boamundus‚
817 3858 932 3903 comes
953 3837 1087 3903 Thule«

137 3957 253 4016 sanus,
268 3939 465 4006 Everardns
483 3939 525 4002 de
544 3939 694 4016 Pusaco,
709 3933 762 4002 ¹et
778 3956 893 4002 comes
905 3935 1085 4006 Garnerna

137 4037 178 4106 de
203 4037 304 4116 (ires,
329 4047 370 4103 nt
390 4038 590 4121 peregrinos
612 4038 671 4120 qui
693 4038 729 4103 in
751 4045 855 4120 portu
880 4042 991 4114 erant,
1012 4043 1085 4104 tam

171 4244 180 4280 ¹
198 4250 233 4296 Et
243 4264 319 4299 comes
332 4249 458 4298 Gamerae
468 4249 497 4296 de
511 4247 595 4309 Grec]
621 4245 707 4295 where
718 4244 761 4294 the
772 4243 889 4304 Gennese
906 4241 1086 4298 disembarked

137 4320 227 4368 Albert
246 4319 276 4367 ot'
300 4318 353 4367 Aix
375 4318 441 4368 adds
464 4317 597 4378 Rnymond
622 4313 739 4364 burethe
756 4329 829 4363 name
845 4313 1027 4364 ot'S.Simeon
1043 4311 1085 4368 the

138 4395 213 4438 count
234 4387 263 4436 ol
278 4389 421 4438 Provence.
463 4386 517 4434 The
542 4390 599 4447 port
624 4385 741 4446 Hermit;
756 4383 820 4434 idid.
832 4398 858 4444 p.
870 4387 928 4432 2³6.
