<?xml version="1.0" encoding="UTF-8"?>
<!DOCTYPE html PUBLIC "-//W3C//DTD XHTML 1.0 Transitional//EN"
    "http://www.w3.org/TR/xhtml1/DTD/xhtml1-transitional.dtd">
<html xmlns="http://www.w3.org/1999/xhtml" xml:lang="en" lang="en">
 <head>
  <title>
</title>
<meta http-equiv="Content-Type" content="text/html;charset=utf-8" />
  <meta name='ocr-system' content='tesseract 3.04.00' />
  <meta name='ocr-capabilities' content='ocr_page ocr_carea ocr_par ocr_line ocrx_word'/>
</head>
<body>
  <div class='ocr_page' id='page_1' title='image "./rogeridewendove07rogegoog_0442.png"; bbox 0 0 3178 5194; ppageno 0'>
   <div class='ocr_carea' id='block_1_1' title="bbox 472 530 1162 596">
    <p class='ocr_par' dir='ltr' id='par_1_1' title="bbox 472 530 1162 596">
     <span class='ocr_line' id='line_1_1' title="bbox 472 530 1162 596; baseline 0.001 -3"><span class='ocrx_word' id='word_1_1' title='bbox 472 547 611 596; x_wconf 76' lang='lat' dir='ltr'><strong>anonas</strong></span> <span class='ocrx_word' id='word_1_2' title='bbox 635 547 904 596; x_wconf 80' lang='lat' dir='ltr'><strong>ursronmnuu.</strong></span> <span class='ocrx_word' id='word_1_3' title='bbox 1095 530 1162 594; x_wconf 76' lang='lat' dir='ltr'><strong>tae</strong></span> 
     </span>
    </p>
   </div>
   <div class='ocr_carea' id='block_1_2' title="bbox 212 703 1296 1068">
    <p class='ocr_par' dir='ltr' id='par_1_2' title="bbox 212 703 1296 1068">
     <span class='ocr_line' id='line_1_2' title="bbox 213 703 1296 788; baseline 0 -22"><span class='ocrx_word' id='word_1_4' title='bbox 213 709 248 767; x_wconf 89' lang='lat' dir='ltr'><strong>et</strong></span> <span class='ocrx_word' id='word_1_5' title='bbox 263 703 384 785; x_wconf 91' lang='lat' dir='ltr'><strong>spoliis</strong></span> <span class='ocrx_word' id='word_1_6' title='bbox 401 710 659 787; x_wconf 82' lang='lat' dir='ltr'><strong>perpetrarent3</strong></span> <span class='ocrx_word' id='word_1_7' title='bbox 680 707 741 787; x_wconf 92' lang='lat' dir='ltr'><strong>qui</strong></span> <span class='ocrx_word' id='word_1_8' title='bbox 755 705 894 769; x_wconf 90' lang='lat' dir='ltr'><strong>tandem</strong></span> <span class='ocrx_word' id='word_1_9' title='bbox 912 723 975 788; x_wconf 87' lang='lat' dir='ltr'><strong>pro</strong></span> <span class='ocrx_word' id='word_1_10' title='bbox 989 705 1081 768; x_wconf 92' lang='lat' dir='ltr'><strong>bono</strong></span> <span class='ocrx_word' id='word_1_11' title='bbox 1098 721 1160 786; x_wconf 91' lang='lat' dir='ltr'><strong>pa·</strong></span> <span class='ocrx_word' id='word_1_12' title='bbox 1173 711 1296 752; x_wconf 69' lang='lat' dir='ltr'>A·1&gt;·¹¹⁶⁸·</span> 
     </span>
     <span class='ocr_line' id='line_1_3' title="bbox 213 802 1162 888; baseline 0.002 -24"><span class='ocrx_word' id='word_1_13' title='bbox 213 802 262 864; x_wconf 93' lang='lat' dir='ltr'><strong>cis</strong></span> <span class='ocrx_word' id='word_1_14' title='bbox 279 803 314 864; x_wconf 90' lang='lat' dir='ltr'><strong>in</strong></span> <span class='ocrx_word' id='word_1_15' title='bbox 338 802 590 868; x_wconf 87' lang='lat' dir='ltr'><strong>Normanniam</strong></span> <span class='ocrx_word' id='word_1_16' title='bbox 610 805 654 868; x_wconf 90' lang='lat' dir='ltr'><strong>ad</strong></span> <span class='ocrx_word' id='word_1_17' title='bbox 672 805 883 888; x_wconf 87' lang='lat' dir='ltr'>colloquium</span> <span class='ocrx_word' id='word_1_18' title='bbox 906 803 1162 879; x_wconf 87' lang='lat' dir='ltr'><strong>convenientos,</strong></span> 
     </span>
     <span class='ocr_line' id='line_1_4' title="bbox 214 899 1161 986; baseline 0.001 -23"><span class='ocrx_word' id='word_1_19' title='bbox 214 899 351 966; x_wconf 90' lang='lat' dir='ltr'><strong>diabolo</strong></span> <span class='ocrx_word' id='word_1_20' title='bbox 370 905 668 986; x_wconf 74' lang='lat' dir='ltr'>superseminante</span> <span class='ocrx_word' id='word_1_21' title='bbox 692 905 824 968; x_wconf 70' lang='lat' dir='ltr'><strong>omnnia</strong></span> <span class='ocrx_word' id='word_1_22' title='bbox 849 905 885 968; x_wconf 89' lang='lat' dir='ltr'><strong>in</strong></span> <span class='ocrx_word' id='word_1_23' title='bbox 908 903 1022 968; x_wconf 90' lang='lat' dir='ltr'><strong>modio</strong></span> <span class='ocrx_word' id='word_1_24' title='bbox 1042 901 1161 978; x_wconf 89' lang='lat' dir='ltr'><strong>tritici,</strong></span> 
     </span>
     <span class='ocr_line' id='line_1_5' title="bbox 212 995 872 1068; baseline 0.011 -7"><span class='ocrx_word' id='word_1_25' title='bbox 212 999 387 1066; x_wconf 79' lang='lat' dir='ltr'><strong>discordes</strong></span> <span class='ocrx_word' id='word_1_26' title='bbox 403 995 465 1066; x_wconf 87' lang='lat' dir='ltr'><strong>¹ab</strong></span> <span class='ocrx_word' id='word_1_27' title='bbox 481 1004 628 1068; x_wconf 85' lang='lat' dir='ltr'><strong>invicem</strong></span> <span class='ocrx_word' id='word_1_28' title='bbox 647 1010 872 1068; x_wconf 86' lang='lat' dir='ltr'><strong>recesserunt.</strong></span> 
     </span>
    </p>
   </div>
   <div class='ocr_carea' id='block_1_3' title="bbox 270 1172 1162 1361">
    <p class='ocr_par' dir='ltr' id='par_1_3' title="bbox 270 1131 1171 1361">
     <span class='ocr_line' id='line_1_6' title="bbox 270 1172 1162 1262; baseline 0 -24"><span class='ocrx_word' id='word_1_29' title='bbox 270 1175 312 1239; x_wconf 86' lang='lat' dir='ltr'><strong>Ut</strong></span> <span class='ocrx_word' id='word_1_30' title='bbox 340 1176 508 1256; x_wconf 75' lang='lat' dir='ltr'><strong>Iohannes,</strong></span> <span class='ocrx_word' id='word_1_31' title='bbox 532 1172 705 1262; x_wconf 68' lang='lat' dir='ltr'><strong>&#39;Amynta</strong></span> <span class='ocrx_word' id='word_1_32' title='bbox 726 1174 913 1252; x_wconf 63' lang='lat' dir='ltr'><strong>madualis,</strong></span> <span class='ocrx_word' id='word_1_33' title='bbox 936 1194 1048 1260; x_wconf 71' lang='lat' dir='ltr'><strong>pacm</strong></span> <span class='ocrx_word' id='word_1_34' title='bbox 1080 1172 1162 1238; x_wconf 78' lang='lat' dir='ltr'><strong>inter</strong></span> 
     </span>
     <span class='ocr_line' id='line_1_7' title="bbox 313 1271 1162 1361; baseline -0.001 -22"><span class='ocrx_word' id='word_1_35' title='bbox 313 1275 500 1361; x_wconf 77' lang='lat' dir='ltr'><strong>Philippum</strong></span> <span class='ocrx_word' id='word_1_36' title='bbox 520 1276 721 1342; x_wconf 73' lang='lat' dir='ltr'><strong><em>Francorum</em></strong></span> <span class='ocrx_word' id='word_1_37' title='bbox 744 1284 773 1340; x_wconf 82' lang='lat' dir='ltr'><strong>ct</strong></span> <span class='ocrx_word' id='word_1_38' title='bbox 793 1274 966 1340; x_wconf 70' lang='lat' dir='ltr'><strong>Hernicum</strong></span> <span class='ocrx_word' id='word_1_39' title='bbox 987 1271 1162 1358; x_wconf 75' lang='lat' dir='ltr'><strong>Arrpbrum</strong></span> 
     </span>
    </p>
   </div>
   <div class='ocr_carea' id='block_1_4' title="bbox 313 1375 534 1460">
    <p class='ocr_par' dir='ltr' id='par_1_4' title="bbox 313 1375 534 1460">
     <span class='ocr_line' id='line_1_8' title="bbox 313 1375 534 1460; baseline 0.005 -24"><span class='ocrx_word' id='word_1_40' title='bbox 313 1395 395 1460; x_wconf 74' lang='lat' dir='ltr'><strong>repes</strong></span> <span class='ocrx_word' id='word_1_41' title='bbox 408 1375 534 1459; x_wconf 68' lang='lat' dir='ltr'><strong>ficaria</strong></span> 
     </span>
    </p>
   </div>
   <div class='ocr_carea' id='block_1_5' title="bbox 264 1488 1306 1606">
    <p class='ocr_par' dir='ltr' id='par_1_5' title="bbox 264 1488 1306 1606">
     <span class='ocr_line' id='line_1_9' title="bbox 264 1488 1306 1606; baseline -0.007 -45"><span class='ocrx_word' id='word_1_42' title='bbox 264 1495 369 1562; x_wconf 89' lang='lat' dir='ltr'><strong>Anno</strong></span> <span class='ocrx_word' id='word_1_43' title='bbox 397 1497 590 1587; x_wconf 85' lang='lat' dir='ltr'><strong>Dominicae</strong></span> <span class='ocrx_word' id='word_1_44' title='bbox 616 1497 809 1562; x_wconf 88' lang='lat' dir='ltr'><strong>nativitatis</strong></span> <span class='ocrx_word' id='word_1_45' title='bbox 837 1511 1057 1576; x_wconf 79' lang='lat' dir='ltr'><strong>ucuxxx1x.</strong></span> <span class='ocrx_word' id='word_1_46' title='bbox 1083 1488 1163 1558; x_wconf 80' lang='lat' dir='ltr'><strong>³rex</strong></span> <span class='ocrx_word' id='word_1_47' title='bbox 1176 1515 1306 1606; x_wconf 49' lang='lat' dir='ltr'><strong>mm,</strong></span> 
     </span>
    </p>
   </div>
   <div class='ocr_carea' id='block_1_6' title="bbox 216 1577 1326 1976">
    <p class='ocr_par' dir='ltr' id='par_1_6' title="bbox 216 1577 1326 1976">
     <span class='ocr_line' id='line_1_10' title="bbox 217 1577 1326 1679; baseline -0.005 -21"><span class='ocrx_word' id='word_1_48' title='bbox 217 1594 391 1660; x_wconf 88' lang='lat' dir='ltr'><strong>Henricus</strong></span> <span class='ocrx_word' id='word_1_49' title='bbox 422 1597 460 1661; x_wconf 88' lang='lat' dir='ltr'><strong>in</strong></span> <span class='ocrx_word' id='word_1_50' title='bbox 490 1595 648 1679; x_wconf 86' lang='lat' dir='ltr'><strong>partibus</strong></span> <span class='ocrx_word' id='word_1_51' title='bbox 679 1595 919 1660; x_wconf 81' lang='lat' dir='ltr'><strong>transmarinis</strong></span> <span class='ocrx_word' id='word_1_52' title='bbox 950 1614 1083 1659; x_wconf 86' lang='lat' dir='ltr'><strong>moram</strong></span> <span class='ocrx_word' id='word_1_53' title='bbox 1111 1577 1326 1657; x_wconf 57' lang='lat' dir='ltr'><strong>saussaium</strong></span> 
     </span>
     <span class='ocr_line' id='line_1_11' title="bbox 216 1664 1308 1776; baseline -0.004 -20"><span class='ocrx_word' id='word_1_54' title='bbox 216 1694 309 1758; x_wconf 90' lang='lat' dir='ltr'><strong>ciens</strong></span> <span class='ocrx_word' id='word_1_55' title='bbox 343 1695 595 1772; x_wconf 86' lang='lat' dir='ltr'><strong>infestationes,</strong></span> <span class='ocrx_word' id='word_1_56' title='bbox 623 1714 710 1776; x_wconf 89' lang='lat' dir='ltr'><strong>quas</strong></span> <span class='ocrx_word' id='word_1_57' title='bbox 748 1696 814 1758; x_wconf 92' lang='lat' dir='ltr'><strong>sibi</strong></span> <span class='ocrx_word' id='word_1_58' title='bbox 851 1714 915 1758; x_wconf 86' lang='lat' dir='ltr'><strong>rex</strong></span> <span class='ocrx_word' id='word_1_59' title='bbox 952 1694 1164 1758; x_wconf 82' lang='lat' dir='ltr'><strong>Francorum</strong></span> <span class='ocrx_word' id='word_1_60' title='bbox 1177 1664 1308 1754; x_wconf 44' lang='lat' dir='ltr'><strong>fficio</strong></span> 
     </span>
     <span class='ocr_line' id='line_1_12' title="bbox 217 1764 1282 1876; baseline -0.001 -21"><span class='ocrx_word' id='word_1_61' title='bbox 217 1792 399 1876; x_wconf 87' lang='lat' dir='ltr'>Philippus</span> <span class='ocrx_word' id='word_1_62' title='bbox 420 1801 458 1858; x_wconf 90' lang='lat' dir='ltr'><strong>et</strong></span> <span class='ocrx_word' id='word_1_63' title='bbox 476 1813 591 1858; x_wconf 91' lang='lat' dir='ltr'><strong>comes</strong></span> <span class='ocrx_word' id='word_1_64' title='bbox 611 1794 835 1859; x_wconf 84' lang='lat' dir='ltr'><strong>Pictavorum</strong></span> <span class='ocrx_word' id='word_1_65' title='bbox 856 1793 1054 1859; x_wconf 84' lang='lat' dir='ltr'><strong>Richardus</strong></span> <span class='ocrx_word' id='word_1_66' title='bbox 1073 1793 1166 1856; x_wconf 88' lang='lat' dir='ltr'><strong>filius</strong></span> <span class='ocrx_word' id='word_1_67' title='bbox 1178 1764 1282 1814; x_wconf 53' lang='lat' dir='ltr'><strong>”mm</strong></span> 
     </span>
     <span class='ocr_line' id='line_1_13' title="bbox 216 1891 1166 1976; baseline -0.001 -22"><span class='ocrx_word' id='word_1_68' title='bbox 216 1892 292 1974; x_wconf 87' lang='lat' dir='ltr'><strong>ejus</strong></span> <span class='ocrx_word' id='word_1_69' title='bbox 320 1892 506 1972; x_wconf 80' lang='lat' dir='ltr'><strong>faciebant,</strong></span> <span class='ocrx_word' id='word_1_70' title='bbox 532 1893 687 1976; x_wconf 73' lang='lat' dir='ltr'><strong>gravitm</strong></span> <span class='ocrx_word' id='word_1_71' title='bbox 715 1893 816 1955; x_wconf 89' lang='lat' dir='ltr'><strong>nimis</strong></span> <span class='ocrx_word' id='word_1_72' title='bbox 842 1900 879 1956; x_wconf 90' lang='lat' dir='ltr'><strong>et</strong></span> <span class='ocrx_word' id='word_1_73' title='bbox 906 1892 1051 1956; x_wconf 85' lang='lat' dir='ltr'><strong>moleste</strong></span> <span class='ocrx_word' id='word_1_74' title='bbox 1080 1891 1166 1956; x_wconf 86' lang='lat' dir='ltr'><strong>sere·</strong></span> 
     </span>
    </p>
   </div>
   <div class='ocr_carea' id='block_1_7' title="bbox 216 1987 1166 2070">
    <p class='ocr_par' dir='ltr' id='par_1_7' title="bbox 216 1987 1166 2070">
     <span class='ocr_line' id='line_1_14' title="bbox 216 1987 1166 2070; baseline -0.002 -16"><span class='ocrx_word' id='word_1_75' title='bbox 216 1990 299 2070; x_wconf 82' lang='lat' dir='ltr'><strong>bat3</strong></span> <span class='ocrx_word' id='word_1_76' title='bbox 320 1990 388 2056; x_wconf 82' lang='lat' dir='ltr'><strong>fuit</strong></span> <span class='ocrx_word' id='word_1_77' title='bbox 405 2000 521 2057; x_wconf 87' lang='lat' dir='ltr'><strong>autem</strong></span> <span class='ocrx_word' id='word_1_78' title='bbox 539 1993 583 2057; x_wconf 90' lang='lat' dir='ltr'><strong>ad</strong></span> <span class='ocrx_word' id='word_1_79' title='bbox 604 1991 721 2056; x_wconf 87' lang='lat' dir='ltr'><strong>natale</strong></span> <span class='ocrx_word' id='word_1_80' title='bbox 743 1988 884 2054; x_wconf 88' lang='lat' dir='ltr'><strong>Domini</strong></span> <span class='ocrx_word' id='word_1_81' title='bbox 904 1991 940 2053; x_wconf 89' lang='lat' dir='ltr'><strong>in</strong></span> <span class='ocrx_word' id='word_1_82' title='bbox 957 1987 1166 2070; x_wconf 80' lang='lat' dir='ltr'><strong>Andagavia</strong></span> 
     </span>
    </p>
   </div>
   <div class='ocr_carea' id='block_1_8' title="bbox 123 2087 1165 2172">
    <p class='ocr_par' dir='ltr' id='par_1_8' title="bbox 123 2087 1165 2172">
     <span class='ocr_line' id='line_1_15' title="bbox 123 2087 1165 2172; baseline 0.001 -21"><span class='ocrx_word' id='word_1_83' title='bbox 123 2103 126 2106; x_wconf 88' lang='grc'><em>·</em></span> <span class='ocrx_word' id='word_1_84' title='bbox 217 2089 309 2172; x_wconf 92' lang='lat' dir='ltr'><strong>apud</strong></span> <span class='ocrx_word' id='word_1_85' title='bbox 335 2090 485 2157; x_wconf 90' lang='lat' dir='ltr'><strong>Saumur</strong></span> <span class='ocrx_word' id='word_1_86' title='bbox 511 2101 547 2156; x_wconf 90' lang='lat' dir='ltr'><strong>et</strong></span> <span class='ocrx_word' id='word_1_87' title='bbox 571 2091 723 2155; x_wconf 81' lang='lat' dir='ltr'><strong>solemne</strong></span> <span class='ocrx_word' id='word_1_88' title='bbox 750 2089 876 2153; x_wconf 81' lang='lat' dir='ltr'><strong>festum</strong></span> <span class='ocrx_word' id='word_1_89' title='bbox 902 2089 950 2152; x_wconf 92' lang='lat' dir='ltr'><strong>ibi</strong></span> <span class='ocrx_word' id='word_1_90' title='bbox 978 2087 1103 2166; x_wconf 91' lang='lat' dir='ltr'><strong>tenuit,</strong></span> <span class='ocrx_word' id='word_1_91' title='bbox 1125 2088 1165 2152; x_wconf 91' lang='lat' dir='ltr'><strong>li-</strong></span> 
     </span>
    </p>
   </div>
   <div class='ocr_carea' id='block_1_9' title="bbox 175 2187 1170 3356">
    <p class='ocr_par' dir='ltr' id='par_1_9' title="bbox 175 2187 1170 3356">
     <span class='ocr_line' id='line_1_16' title="bbox 217 2187 1165 2274; baseline -0.002 -22"><span class='ocrx_word' id='word_1_92' title='bbox 217 2196 274 2252; x_wconf 89' lang='lat' dir='ltr'><strong>cet</strong></span> <span class='ocrx_word' id='word_1_93' title='bbox 295 2191 516 2274; x_wconf 85' lang='lat' dir='ltr'><strong>quamplures</strong></span> <span class='ocrx_word' id='word_1_94' title='bbox 543 2191 585 2256; x_wconf 92' lang='lat' dir='ltr'><strong>de</strong></span> <span class='ocrx_word' id='word_1_95' title='bbox 610 2188 791 2255; x_wconf 83' lang='lat' dir='ltr'><strong>comitibus</strong></span> <span class='ocrx_word' id='word_1_96' title='bbox 817 2195 854 2256; x_wconf 89' lang='lat' dir='ltr'><strong>et</strong></span> <span class='ocrx_word' id='word_1_97' title='bbox 878 2187 1066 2252; x_wconf 88' lang='lat' dir='ltr'><strong>baronibus</strong></span> <span class='ocrx_word' id='word_1_98' title='bbox 1092 2188 1165 2251; x_wconf 91' lang='lat' dir='ltr'><strong>suis</strong></span> 
     </span>
     <span class='ocr_line' id='line_1_17' title="bbox 217 2285 1165 2354; baseline 0 -4"><span class='ocrx_word' id='word_1_99' title='bbox 217 2289 261 2351; x_wconf 91' lang='lat' dir='ltr'><strong>ab</strong></span> <span class='ocrx_word' id='word_1_100' title='bbox 281 2308 323 2352; x_wconf 92' lang='lat' dir='ltr'><strong>eo</strong></span> <span class='ocrx_word' id='word_1_101' title='bbox 345 2291 568 2354; x_wconf 86' lang='lat' dir='ltr'><strong>recessissent</strong></span> <span class='ocrx_word' id='word_1_102' title='bbox 581 2297 617 2354; x_wconf 92' lang='lat' dir='ltr'><strong>et</strong></span> <span class='ocrx_word' id='word_1_103' title='bbox 634 2287 810 2354; x_wconf 84' lang='lat' dir='ltr'><strong>Richardo</strong></span> <span class='ocrx_word' id='word_1_104' title='bbox 827 2287 898 2352; x_wconf 89' lang='lat' dir='ltr'><strong>filio</strong></span> <span class='ocrx_word' id='word_1_105' title='bbox 918 2306 981 2352; x_wconf 92' lang='lat' dir='ltr'><strong>suo</strong></span> <span class='ocrx_word' id='word_1_106' title='bbox 1002 2285 1165 2351; x_wconf 71' lang='lat' dir='ltr'><strong>adhaesis-</strong></span> 
     </span>
     <span class='ocr_line' id='line_1_18' title="bbox 218 2385 1165 2469; baseline 0 -20"><span class='ocrx_word' id='word_1_107' title='bbox 218 2394 307 2452; x_wconf 85' lang='lat' dir='ltr'><strong>sent.</strong></span> <span class='ocrx_word' id='word_1_108' title='bbox 356 2389 444 2454; x_wconf 92' lang='lat' dir='ltr'><strong>Post</strong></span> <span class='ocrx_word' id='word_1_109' title='bbox 461 2389 587 2454; x_wconf 85' lang='lat' dir='ltr'><strong>festum</strong></span> <span class='ocrx_word' id='word_1_110' title='bbox 609 2389 722 2453; x_wconf 89' lang='lat' dir='ltr'><strong>sancti</strong></span> <span class='ocrx_word' id='word_1_111' title='bbox 742 2387 872 2451; x_wconf 88' lang='lat' dir='ltr'><strong>Hilarii</strong></span> <span class='ocrx_word' id='word_1_112' title='bbox 890 2385 1002 2469; x_wconf 87' lang='lat' dir='ltr'><strong>ruptis</strong></span> <span class='ocrx_word' id='word_1_113' title='bbox 1021 2385 1165 2467; x_wconf 75' lang='lat' dir='ltr'><strong>treugis,</strong></span> 
     </span>
     <span class='ocr_line' id='line_1_19' title="bbox 206 2485 1166 2570; baseline -0.001 -21"><span class='ocrx_word' id='word_1_114' title='bbox 206 2506 297 2567; x_wconf 87' lang='lat' dir='ltr'><strong>·quae</strong></span> <span class='ocrx_word' id='word_1_115' title='bbox 323 2495 423 2552; x_wconf 87' lang='lat' dir='ltr'><strong>erant</strong></span> <span class='ocrx_word' id='word_1_116' title='bbox 446 2490 537 2554; x_wconf 87' lang='lat' dir='ltr'><strong>inter</strong></span> <span class='ocrx_word' id='word_1_117' title='bbox 561 2507 673 2570; x_wconf 80' lang='lat' dir='ltr'><strong>reges,</strong></span> <span class='ocrx_word' id='word_1_118' title='bbox 703 2486 898 2568; x_wconf 85' lang='lat' dir='ltr'><strong>Philippus,</strong></span> <span class='ocrx_word' id='word_1_119' title='bbox 922 2505 985 2550; x_wconf 84' lang='lat' dir='ltr'><strong>rex</strong></span> <span class='ocrx_word' id='word_1_120' title='bbox 1013 2485 1166 2548; x_wconf 84' lang='lat' dir='ltr'><strong>Franco·</strong></span> 
     </span>
     <span class='ocr_line' id='line_1_20' title="bbox 219 2584 1167 2667; baseline 0.002 -19"><span class='ocrx_word' id='word_1_121' title='bbox 219 2605 307 2664; x_wconf 86' lang='lat' dir='ltr'><strong>rum,</strong></span> <span class='ocrx_word' id='word_1_122' title='bbox 325 2595 360 2651; x_wconf 89' lang='lat' dir='ltr'><strong>et</strong></span> <span class='ocrx_word' id='word_1_123' title='bbox 375 2608 490 2652; x_wconf 90' lang='lat' dir='ltr'><strong>comes</strong></span> <span class='ocrx_word' id='word_1_124' title='bbox 511 2586 719 2664; x_wconf 85' lang='lat' dir='ltr'><strong>Richardus,</strong></span> <span class='ocrx_word' id='word_1_125' title='bbox 737 2585 958 2667; x_wconf 84' lang='lat' dir='ltr'><strong>congregatis</strong></span> <span class='ocrx_word' id='word_1_126' title='bbox 975 2584 1084 2667; x_wconf 87' lang='lat' dir='ltr'><strong>copiis</strong></span> <span class='ocrx_word' id='word_1_127' title='bbox 1104 2584 1167 2650; x_wconf 91' lang='lat' dir='ltr'><strong>mi·</strong></span> 
     </span>
     <span class='ocr_line' id='line_1_21' title="bbox 218 2683 1168 2767; baseline 0 -20"><span class='ocrx_word' id='word_1_128' title='bbox 218 2684 390 2764; x_wconf 80' lang='lat' dir='ltr'><strong>litoribus,</strong></span> <span class='ocrx_word' id='word_1_129' title='bbox 410 2688 631 2753; x_wconf 86' lang='lat' dir='ltr'><strong>intraverunt</strong></span> <span class='ocrx_word' id='word_1_130' title='bbox 649 2693 760 2750; x_wconf 87' lang='lat' dir='ltr'><strong>terras</strong></span> <span class='ocrx_word' id='word_1_131' title='bbox 781 2684 874 2767; x_wconf 76' lang='lat' dir='ltr'><strong>regis</strong></span> <span class='ocrx_word' id='word_1_132' title='bbox 889 2683 1030 2765; x_wconf 84' lang='lat' dir='ltr'><strong>Angliae</strong></span> <span class='ocrx_word' id='word_1_133' title='bbox 1049 2692 1086 2750; x_wconf 91' lang='lat' dir='ltr'><strong>et</strong></span> <span class='ocrx_word' id='word_1_134' title='bbox 1108 2701 1168 2747; x_wconf 90' lang='lat' dir='ltr'><strong>eas</strong></span> 
     </span>
     <span class='ocr_line' id='line_1_22' title="bbox 175 2783 1169 2868; baseline 0 -22"><span class='ocrx_word' id='word_1_135' title='bbox 175 2835 180 2846; x_wconf 88' lang='lat'><em>.</em></span> <span class='ocrx_word' id='word_1_136' title='bbox 218 2784 401 2849; x_wconf 86' lang='lat' dir='ltr'><strong>devastare</strong></span> <span class='ocrx_word' id='word_1_137' title='bbox 422 2794 621 2868; x_wconf 82' lang='lat' dir='ltr'><strong>coeperuut3</strong></span> <span class='ocrx_word' id='word_1_138' title='bbox 645 2785 807 2850; x_wconf 87' lang='lat' dir='ltr'><strong>Britones</strong></span> <span class='ocrx_word' id='word_1_139' title='bbox 829 2784 947 2861; x_wconf 90' lang='lat' dir='ltr'><strong>etiam,</strong></span> <span class='ocrx_word' id='word_1_140' title='bbox 969 2783 1090 2847; x_wconf 89' lang='lat' dir='ltr'><strong>relicto</strong></span> <span class='ocrx_word' id='word_1_141' title='bbox 1114 2800 1169 2859; x_wconf 91' lang='lat' dir='ltr'><strong>eo,</strong></span> 
     </span>
     <span class='ocr_line' id='line_1_23' title="bbox 220 2881 1168 2966; baseline -0.003 -19"><span class='ocrx_word' id='word_1_142' title='bbox 220 2882 396 2948; x_wconf 88' lang='lat' dir='ltr'><strong>Richardo</strong></span> <span class='ocrx_word' id='word_1_143' title='bbox 413 2885 531 2949; x_wconf 92' lang='lat' dir='ltr'><strong>comiti</strong></span> <span class='ocrx_word' id='word_1_144' title='bbox 545 2885 786 2962; x_wconf 81' lang='lat' dir='ltr'><strong>adhaeseruut3</strong></span> <span class='ocrx_word' id='word_1_145' title='bbox 807 2882 867 2947; x_wconf 90' lang='lat' dir='ltr'><strong>sed</strong></span> <span class='ocrx_word' id='word_1_146' title='bbox 887 2901 978 2966; x_wconf 90' lang='lat' dir='ltr'><strong>papa</strong></span> <span class='ocrx_word' id='word_1_147' title='bbox 996 2881 1168 2958; x_wconf 88' lang='lat' dir='ltr'><strong>Clemens,</strong></span> 
     </span>
     <span class='ocr_line' id='line_1_24' title="bbox 220 2980 1168 3065; baseline 0.002 -23"><span class='ocrx_word' id='word_1_148' title='bbox 220 2982 394 3043; x_wconf 86' lang='lat' dir='ltr'><strong>admirans</strong></span> <span class='ocrx_word' id='word_1_149' title='bbox 417 2983 570 3046; x_wconf 90' lang='lat' dir='ltr'><strong>nondum</strong></span> <span class='ocrx_word' id='word_1_150' title='bbox 593 3003 713 3065; x_wconf 88' lang='lat' dir='ltr'><strong>pacem</strong></span> <span class='ocrx_word' id='word_1_151' title='bbox 739 2983 831 3047; x_wconf 88' lang='lat' dir='ltr'><strong>inter</strong></span> <span class='ocrx_word' id='word_1_152' title='bbox 856 3001 955 3063; x_wconf 82' lang='lat' dir='ltr'><strong>reges</strong></span> <span class='ocrx_word' id='word_1_153' title='bbox 984 2980 1091 3046; x_wconf 86' lang='lat' dir='ltr'><strong>fuisse</strong></span> <span class='ocrx_word' id='word_1_154' title='bbox 1117 3000 1168 3044; x_wconf 89' lang='lat' dir='ltr'><strong>re·</strong></span> 
     </span>
     <span class='ocr_line' id='line_1_25' title="bbox 221 3073 1170 3158; baseline 0.005 -20"><span class='ocrx_word' id='word_1_155' title='bbox 221 3077 416 3154; x_wconf 85' lang='lat' dir='ltr'><strong>formatam,</strong></span> <span class='ocrx_word' id='word_1_156' title='bbox 431 3079 525 3142; x_wconf 90' lang='lat' dir='ltr'><strong>misit</strong></span> <span class='ocrx_word' id='word_1_157' title='bbox 543 3079 566 3142; x_wconf 87' lang='lat' dir='ltr'><strong>J</strong></span> <span class='ocrx_word' id='word_1_158' title='bbox 569 3080 738 3143; x_wconf 88' lang='lat' dir='ltr'><strong>ohannem</strong></span> <span class='ocrx_word' id='word_1_159' title='bbox 756 3081 799 3142; x_wconf 92' lang='lat' dir='ltr'><strong>de</strong></span> <span class='ocrx_word' id='word_1_160' title='bbox 815 3073 998 3158; x_wconf 72' lang='lat' dir='ltr'><strong>*Anagnia</strong></span> <span class='ocrx_word' id='word_1_161' title='bbox 1013 3078 1170 3143; x_wconf 86' lang='lat' dir='ltr'><strong>cardina-</strong></span> 
     </span>
     <span class='ocr_line' id='line_1_26' title="bbox 221 3175 1170 3258; baseline 0.003 -21"><span class='ocrx_word' id='word_1_162' title='bbox 221 3175 288 3239; x_wconf 90' lang='lat' dir='ltr'><strong>lem</strong></span> <span class='ocrx_word' id='word_1_163' title='bbox 314 3194 392 3238; x_wconf 91' lang='lat' dir='ltr'><strong>cum</strong></span> <span class='ocrx_word' id='word_1_164' title='bbox 422 3176 526 3257; x_wconf 88' lang='lat' dir='ltr'><strong>plena</strong></span> <span class='ocrx_word' id='word_1_165' title='bbox 553 3183 726 3258; x_wconf 82' lang='lat' dir='ltr'><strong>potestate</strong></span> <span class='ocrx_word' id='word_1_166' title='bbox 756 3176 800 3240; x_wconf 92' lang='lat' dir='ltr'><strong>ad</strong></span> <span class='ocrx_word' id='word_1_167' title='bbox 832 3175 912 3240; x_wconf 86' lang='lat' dir='ltr'><strong>lites</strong></span> <span class='ocrx_word' id='word_1_168' title='bbox 943 3177 1058 3256; x_wconf 77' lang='lat' dir='ltr'><strong>regias</strong></span> <span class='ocrx_word' id='word_1_169' title='bbox 1086 3177 1170 3241; x_wconf 89' lang='lat' dir='ltr'><strong>diri·</strong></span> 
     </span>
     <span class='ocr_line' id='line_1_27' title="bbox 221 3274 1169 3356; baseline -0.001 -18"><span class='ocrx_word' id='word_1_170' title='bbox 221 3274 375 3350; x_wconf 80' lang='lat' dir='ltr'><strong>mendas,</strong></span> <span class='ocrx_word' id='word_1_171' title='bbox 397 3275 457 3356; x_wconf 91' lang='lat' dir='ltr'><strong>qui</strong></span> <span class='ocrx_word' id='word_1_172' title='bbox 478 3292 555 3339; x_wconf 92' lang='lat' dir='ltr'><strong>cum</strong></span> <span class='ocrx_word' id='word_1_173' title='bbox 577 3275 622 3338; x_wconf 93' lang='lat' dir='ltr'><strong>ad</strong></span> <span class='ocrx_word' id='word_1_174' title='bbox 642 3292 702 3337; x_wconf 89' lang='lat' dir='ltr'><strong>eos</strong></span> <span class='ocrx_word' id='word_1_175' title='bbox 723 3274 887 3352; x_wconf 86' lang='lat' dir='ltr'><strong>venisset,</strong></span> <span class='ocrx_word' id='word_1_176' title='bbox 909 3280 945 3338; x_wconf 91' lang='lat' dir='ltr'><strong>et</strong></span> <span class='ocrx_word' id='word_1_177' title='bbox 962 3274 1058 3355; x_wconf 88' lang='lat' dir='ltr'><strong>ipsos</strong></span> <span class='ocrx_word' id='word_1_178' title='bbox 1078 3293 1169 3337; x_wconf 89' lang='lat' dir='ltr'><strong>nunc</strong></span> 
     </span>
    </p>
   </div>
   <div class='ocr_carea' id='block_1_10' title="bbox 105 3371 1169 3456">
    <p class='ocr_par' dir='ltr' id='par_1_10' title="bbox 105 3371 1169 3456">
     <span class='ocr_line' id='line_1_28' title="bbox 105 3371 1169 3456; baseline -0.002 -18"><span class='ocrx_word' id='word_1_179' title='bbox 105 3429 107 3437; x_wconf 94' lang='lat'><em>.</em></span> <span class='ocrx_word' id='word_1_180' title='bbox 222 3374 354 3456; x_wconf 87' lang='lat' dir='ltr'><strong>asperis</strong></span> <span class='ocrx_word' id='word_1_181' title='bbox 376 3392 468 3436; x_wconf 88' lang='lat' dir='ltr'><strong>nuuc</strong></span> <span class='ocrx_word' id='word_1_182' title='bbox 485 3371 620 3437; x_wconf 85' lang='lat' dir='ltr'><strong>blandis</strong></span> <span class='ocrx_word' id='word_1_183' title='bbox 640 3372 855 3436; x_wconf 89' lang='lat' dir='ltr'><strong>sermonibus</strong></span> <span class='ocrx_word' id='word_1_184' title='bbox 875 3372 919 3435; x_wconf 92' lang='lat' dir='ltr'><strong>ad</strong></span> <span class='ocrx_word' id='word_1_185' title='bbox 937 3389 1059 3453; x_wconf 87' lang='lat' dir='ltr'><strong>pacem</strong></span> <span class='ocrx_word' id='word_1_186' title='bbox 1076 3391 1169 3436; x_wconf 88' lang='lat' dir='ltr'><strong>com-</strong></span> 
     </span>
    </p>
   </div>
   <div class='ocr_carea' id='block_1_11' title="bbox 218 3470 1171 3952">
    <p class='ocr_par' dir='ltr' id='par_1_11' title="bbox 218 3470 1171 3952">
     <span class='ocr_line' id='line_1_29' title="bbox 222 3470 1169 3555; baseline -0.004 -18"><span class='ocrx_word' id='word_1_187' title='bbox 222 3472 399 3550; x_wconf 88' lang='lat' dir='ltr'><strong>movisset,</strong></span> <span class='ocrx_word' id='word_1_188' title='bbox 423 3473 491 3555; x_wconf 91' lang='lat' dir='ltr'><strong>ipsi</strong></span> <span class='ocrx_word' id='word_1_189' title='bbox 514 3471 654 3536; x_wconf 89' lang='lat' dir='ltr'><strong>tandem</strong></span> <span class='ocrx_word' id='word_1_190' title='bbox 682 3490 791 3552; x_wconf 83' lang='lat' dir='ltr'><strong>reges,</strong></span> <span class='ocrx_word' id='word_1_191' title='bbox 817 3472 975 3554; x_wconf 82' lang='lat' dir='ltr'><strong>praestita</strong></span> <span class='ocrx_word' id='word_1_192' title='bbox 997 3470 1169 3547; x_wconf 87' lang='lat' dir='ltr'><strong>cautione,</strong></span> 
     </span>
     <span class='ocr_line' id='line_1_30' title="bbox 218 3569 1169 3656; baseline -0.002 -21"><span class='ocrx_word' id='word_1_193' title='bbox 218 3573 425 3656; x_wconf 84' lang='lat' dir='ltr'><strong>juraverunt</strong></span> <span class='ocrx_word' id='word_1_194' title='bbox 435 3571 528 3653; x_wconf 92' lang='lat' dir='ltr'><strong>quod</strong></span> <span class='ocrx_word' id='word_1_195' title='bbox 545 3576 680 3635; x_wconf 87' lang='lat' dir='ltr'><strong>starent</strong></span> <span class='ocrx_word' id='word_1_196' title='bbox 689 3569 822 3654; x_wconf 92' lang='lat' dir='ltr'><strong>judicio</strong></span> <span class='ocrx_word' id='word_1_197' title='bbox 838 3570 1078 3648; x_wconf 87' lang='lat' dir='ltr'><strong>Bituricensis,</strong></span> <span class='ocrx_word' id='word_1_198' title='bbox 1096 3569 1169 3634; x_wconf 87' lang='lat' dir='ltr'><strong>Ro·</strong></span> 
     </span>
     <span class='ocr_line' id='line_1_31' title="bbox 222 3668 1170 3752; baseline -0.001 -19"><span class='ocrx_word' id='word_1_199' title='bbox 222 3670 458 3752; x_wconf 86' lang='lat' dir='ltr'><strong>thomagensis</strong></span> <span class='ocrx_word' id='word_1_200' title='bbox 483 3677 519 3735; x_wconf 91' lang='lat' dir='ltr'><strong>et</strong></span> <span class='ocrx_word' id='word_1_201' title='bbox 538 3669 799 3734; x_wconf 85' lang='lat' dir='ltr'><strong>Cantuariensis</strong></span> <span class='ocrx_word' id='word_1_202' title='bbox 822 3668 1170 3752; x_wconf 87' lang='lat' dir='ltr'><strong>archiepiscoporum,</strong></span> 
     </span>
     <span class='ocr_line' id='line_1_32' title="bbox 221 3768 1171 3852; baseline 0.001 -21"><span class='ocrx_word' id='word_1_203' title='bbox 221 3769 273 3832; x_wconf 92' lang='lat' dir='ltr'><strong>ita</strong></span> <span class='ocrx_word' id='word_1_204' title='bbox 296 3775 348 3846; x_wconf 90' lang='lat' dir='ltr'><strong>ut,</strong></span> <span class='ocrx_word' id='word_1_205' title='bbox 368 3769 399 3833; x_wconf 92' lang='lat' dir='ltr'><strong>si</strong></span> <span class='ocrx_word' id='word_1_206' title='bbox 423 3769 501 3852; x_wconf 93' lang='lat' dir='ltr'><strong>quis</strong></span> <span class='ocrx_word' id='word_1_207' title='bbox 525 3788 643 3834; x_wconf 89' lang='lat' dir='ltr'><strong>eorum</strong></span> <span class='ocrx_word' id='word_1_208' title='bbox 663 3768 835 3846; x_wconf 89' lang='lat' dir='ltr'><strong>deficeret,</strong></span> <span class='ocrx_word' id='word_1_209' title='bbox 855 3789 924 3852; x_wconf 92' lang='lat' dir='ltr'><strong>quo</strong></span> <span class='ocrx_word' id='word_1_210' title='bbox 948 3769 1061 3832; x_wconf 89' lang='lat' dir='ltr'><strong>minus</strong></span> <span class='ocrx_word' id='word_1_211' title='bbox 1080 3769 1171 3834; x_wconf 89' lang='lat' dir='ltr'><strong>inter</strong></span> 
     </span>
     <span class='ocr_line' id='line_1_33' title="bbox 222 3867 1170 3952; baseline 0.002 -21"><span class='ocrx_word' id='word_1_212' title='bbox 222 3887 283 3932; x_wconf 89' lang='lat' dir='ltr'><strong>eos</strong></span> <span class='ocrx_word' id='word_1_213' title='bbox 311 3887 382 3951; x_wconf 80' lang='lat' dir='ltr'><strong>pax</strong></span> <span class='ocrx_word' id='word_1_214' title='bbox 409 3869 521 3933; x_wconf 91' lang='lat' dir='ltr'><strong>solida</strong></span> <span class='ocrx_word' id='word_1_215' title='bbox 545 3868 741 3934; x_wconf 87' lang='lat' dir='ltr'><strong>firmaretur</strong></span> <span class='ocrx_word' id='word_1_216' title='bbox 765 3875 801 3934; x_wconf 88' lang='lat' dir='ltr'><strong>et</strong></span> <span class='ocrx_word' id='word_1_217' title='bbox 824 3869 891 3932; x_wconf 88' lang='lat' dir='ltr'><strong>iter</strong></span> <span class='ocrx_word' id='word_1_218' title='bbox 917 3867 1170 3952; x_wconf 86' lang='lat' dir='ltr'><strong>Hierosolymi-</strong></span> 
     </span>
    </p>
   </div>
   <div class='ocr_carea' id='block_1_12' title="bbox 193 4041 1172 4320">
    <p class='ocr_par' dir='ltr' id='par_1_12' title="bbox 193 4041 1172 4320">
     <span class='ocr_line' id='line_1_34' title="bbox 259 4041 1170 4108; baseline 0.004 -16"><span class='ocrx_word' id='word_1_219' title='bbox 259 4041 266 4070; x_wconf 92' lang='lat'>¹</span> <span class='ocrx_word' id='word_1_220' title='bbox 278 4043 319 4092; x_wconf 76' lang='lat' dir='ltr'><strong>Ao</strong></span> <span class='ocrx_word' id='word_1_221' title='bbox 336 4044 437 4094; x_wconf 74' lang='lat' dir='ltr'><strong>incisor</strong></span> <span class='ocrx_word' id='word_1_222' title='bbox 452 4045 622 4108; x_wconf 69' lang='lat' dir='ltr'><strong>recesserunt]</strong></span> <span class='ocrx_word' id='word_1_223' title='bbox 640 4045 682 4094; x_wconf 86' lang='lat' dir='ltr'><strong>On</strong></span> <span class='ocrx_word' id='word_1_224' title='bbox 742 4042 1063 4108; x_wconf 73' lang='lat' dir='ltr'><strong>’Amgnia.]‘Agnania&#39;</strong></span> <span class='ocrx_word' id='word_1_225' title='bbox 1074 4045 1100 4094; x_wconf 88' lang='lat' dir='ltr'><strong>iu</strong></span> <span class='ocrx_word' id='word_1_226' title='bbox 1112 4046 1170 4097; x_wconf 88' lang='lat' dir='ltr'><strong>MS.</strong></span> 
     </span>
     <span class='ocr_line' id='line_1_35' title="bbox 221 4111 1171 4177; baseline 0.003 -16"><span class='ocrx_word' id='word_1_227' title='bbox 221 4113 685 4175; x_wconf 72' lang='lat' dir='ltr'><strong>themarginalaterhandhuswrit·</strong></span> <span class='ocrx_word' id='word_1_228' title='bbox 745 4111 827 4164; x_wconf 77' lang='lat' dir='ltr'><strong>&#39;Rex</strong></span> <span class='ocrx_word' id='word_1_229' title='bbox 850 4113 1012 4177; x_wconf 64' lang='lat' dir='ltr'><strong>Bariana]</strong></span> <span class='ocrx_word' id='word_1_230' title='bbox 1047 4114 1171 4176; x_wconf 79' lang='lat' dir='ltr'><strong>Compare</strong></span> 
     </span>
     <span class='ocr_line' id='line_1_36' title="bbox 193 4183 951 4246; baseline 0.007 -17"><span class='ocrx_word' id='word_1_231' title='bbox 193 4223 196 4228; x_wconf 96' lang='lat'>.</span> <span class='ocrx_word' id='word_1_232' title='bbox 222 4188 265 4231; x_wconf 86' lang='lat' dir='ltr'><strong>teu</strong></span> <span class='ocrx_word' id='word_1_233' title='bbox 283 4183 360 4232; x_wconf 87' lang='lat' dir='ltr'><strong>‘lluc</strong></span> <span class='ocrx_word' id='word_1_234' title='bbox 382 4184 505 4244; x_wconf 87' lang='lat' dir='ltr'><strong>usquein</strong></span> <span class='ocrx_word' id='word_1_235' title='bbox 522 4185 568 4233; x_wconf 90' lang='lat' dir='ltr'><strong>lib.</strong></span> <span class='ocrx_word' id='word_1_236' title='bbox 583 4184 684 4237; x_wconf 82' lang='lat' dir='ltr'><strong>Cronia.</strong></span> <span class='ocrx_word' id='word_1_237' title='bbox 711 4184 845 4246; x_wconf 75' lang='lat' dir='ltr'><strong>Heroden,</strong></span> <span class='ocrx_word' id='word_1_238' title='bbox 855 4199 882 4244; x_wconf 88' lang='lat' dir='ltr'><strong>p.</strong></span> <span class='ocrx_word' id='word_1_239' title='bbox 893 4188 951 4234; x_wconf 76' lang='lat'><strong>0⁶2.</strong></span> 
     </span>
     <span class='ocr_line' id='line_1_37' title="bbox 222 4247 1172 4320; baseline 0.003 -21"><span class='ocrx_word' id='word_1_240' title='bbox 222 4251 347 4300; x_wconf 68' lang='lat' dir='ltr'><strong>,lobannis</strong></span> <span class='ocrx_word' id='word_1_241' title='bbox 358 4252 477 4302; x_wconf 74' lang='lat' dir='ltr'><strong>abbatia·</strong></span> <span class='ocrx_word' id='word_1_242' title='bbox 500 4253 548 4302; x_wconf 87' lang='lat' dir='ltr'><strong>See</strong></span> <span class='ocrx_word' id='word_1_243' title='bbox 557 4253 668 4311; x_wconf 81' lang='lat' dir='ltr'><strong>Presuce.</strong></span> <span class='ocrx_word' id='word_1_244' title='bbox 746 4251 757 4283; x_wconf 91' lang='lat'><strong>⁴</strong></span> <span class='ocrx_word' id='word_1_245' title='bbox 767 4247 908 4320; x_wconf 74' lang='lat' dir='ltr'><strong>Anagnia]</strong></span> <span class='ocrx_word' id='word_1_246' title='bbox 920 4254 928 4281; x_wconf 87' lang='lat'>‘</span> <span class='ocrx_word' id='word_1_247' title='bbox 938 4253 1067 4315; x_wconf 77' lang='lat' dir='ltr'><strong>Aguania&#39;</strong></span> <span class='ocrx_word' id='word_1_248' title='bbox 1077 4252 1103 4302; x_wconf 89' lang='lat' dir='ltr'><strong>in</strong></span> <span class='ocrx_word' id='word_1_249' title='bbox 1114 4253 1172 4303; x_wconf 86' lang='lat' dir='ltr'><strong>MS.</strong></span> 
     </span>
    </p>
   </div>
   <div class='ocr_carea' id='block_1_13' title="bbox 1000 4352 1069 4397">
    <p class='ocr_par' dir='ltr' id='par_1_13' title="bbox 1000 4352 1069 4397">
     <span class='ocr_line' id='line_1_38' title="bbox 1000 4352 1069 4397; baseline 0.014 -2"><span class='ocrx_word' id='word_1_250' title='bbox 1000 4352 1069 4397; x_wconf 69' lang='lat'><strong>21³2</strong></span> 
     </span>
    </p>
   </div>
   <div class='ocr_carea' id='block_1_14' title="bbox 0 0 1608 5194">
    <p class='ocr_par' dir='ltr' id='par_1_14' title="bbox 0 0 1608 5194">
     <span class='ocr_line' id='line_1_39' title="bbox 0 0 1608 5194; baseline 0 0"><span class='ocrx_word' id='word_1_251' title='bbox 0 0 1608 5194; x_wconf 95' lang='lat' dir='ltr'><strong> </strong></span> 
     </span>
    </p>
   </div>
  </div>
 </body>
</html>
