3104 5186
395 543 538 591 scores
561 543 829 597 ursrorunnuu.
1043 535 1087 601 83

138 701 229 764 missi
247 701 389 766 fuerant
411 722 433 766 a
453 704 594 782 nostris,
611 710 735 790 eaptus
757 711 822 782 est,
844 712 880 769 et
901 706 990 770 alter
1009 707 1084 790 gla-
1097 725 1221 767 unum.

137 801 191 864 dio
214 801 409 866 confossus.
474 802 654 886 Principes
685 810 801 868 autem
830 807 1001 883 nuntium,
1024 777 1246 890 quim

137 901 233 964 vivus
248 908 376 983 captus
390 901 517 986 fuerat,
534 903 570 965 in
585 910 681 986 arcto
697 910 878 986 ponentes,
893 906 1086 972 didicerunt

138 1001 178 1062 ab
201 1019 254 1076 eo,
276 1001 371 1082 quod
394 1000 565 1064 Soldanus
588 1001 624 1064 in
642 1001 794 1066 crastino
810 1011 977 1068 venturus
999 1014 1085 1085 erat,

137 1106 173 1162 ut
190 1099 408 1163 obsidionem
431 1100 581 1164 solveret
605 1108 640 1165 et
659 1101 738 1165 illos
761 1102 805 1165 de
825 1103 973 1168 instanti
995 1107 1086 1187 peri·

136 1199 208 1262 culo
241 1199 419 1263 liberaret.
479 1199 699 1264 Solimannus
729 1200 835 1282 igitur
866 1203 903 1264 in
933 1205 1085 1268 crastino

136 1298 222 1361 circa
235 1298 361 1362 boram
379 1299 530 1376 tertiam,
547 1309 587 1364 ut
607 1301 749 1364 nuntius
764 1301 987 1382 praedixerat,
1007 1322 1086 1367 cum

136 1399 334 1479 quingentis
361 1405 570 1464 armatorum
595 1399 746 1463 millibus
778 1419 823 1463 ex
846 1402 1018 1466 montibus
1041 1404 1085 1467 ad

135 1496 237 1579 plana
254 1497 481 1575 descendens
496 1500 663 1580 praemisit
676 1500 794 1564 decem
807 1500 916 1564 millia
931 1503 1085 1584 equitum

136 1597 175 1659 ad
199 1604 343 1679 portam
372 1598 608 1676 meridianam,
631 1618 711 1681 quoe
743 1600 860 1664 comiti
884 1599 1084 1666 Tbolosaoo

135 1699 319 1760 commissa
343 1696 469 1774 fluerat,
496 1705 536 1761 nt
559 1718 636 1762 cum
655 1699 787 1781 impetu
815 1699 925 1762 multo
947 1701 984 1763 iu
1008 1702 1084 1786 ejus

135 1795 270 1860 irruant
292 1796 469 1878 legiones3
498 1799 659 1880 aquibus
682 1799 827 1882 accepti,
846 1805 881 1862 et
903 1801 1084 1864 conatibus

135 1895 340 1959 mirabiliter
368 1894 554 1960 confractis
579 1906 615 1962 et
637 1898 776 1964 aciebus
798 1896 988 1976 dissolutis,
1008 1900 1083 1983 jam

135 2002 231 2058 crant
272 1995 311 2058 in
343 1995 463 2077 sugam
495 1997 599 2073 versi,
629 2015 707 2060 eum
740 2015 820 2061 ecce
851 1996 1083 2077 SolimannuS,

134 2111 208 2156 cum
223 2093 416 2176 majoribus
431 2097 674 2176 superveniens
697 2097 817 2179 copiis,
830 2096 920 2173 illos,
937 2098 997 2180 qui
1013 2097 1083 2163 dis·

134 2192 238 2256 soluti
263 2201 377 2271 erant,
399 2193 524 2258 iterum
550 2196 717 2259 reducens
744 2197 781 2259 iu
813 2203 950 2260 nostros
972 2197 1084 2262 redire

134 2293 322 2375 compellit.
375 2291 425 2358 At
445 2313 528 2357 vero
549 2295 621 2358 dux
640 2293 847 2358 Godefridus
869 2302 904 2360 et
925 2296 1085 2360 dominus

135 2391 373 2469 BoamundnS,
395 2411 577 2475 comesque
594 2393 830 2470 Flandrensis,
849 2413 927 2457 cum
945 2395 1017 2458 suis
1040 2396 1084 2459 ad

134 2510 284 2572 unguem
299 2492 437 2569 armati,
452 2491 609 2556 videntes
623 2493 758 2556 comitis
773 2492 963 2556 exercitum
979 2512 1086 2576 supra

134 2589 222 2653 vires
239 2590 396 2672 fatigari,
411 2590 548 2654 irruunt
563 2598 763 2656 constanter
779 2592 816 2655 in
831 2590 982 2654 bostium
997 2592 1085 2674 legi·

134 2709 227 2766 ones,
251 2696 301 2765 et,
322 2689 513 2754 interfectis
535 2710 580 2754 ex
603 2692 653 2755 eis
679 2691 722 2754 ad
747 2697 898 2773 quatuor
921 2690 1030 2754 millia
1051 2698 1087 2755 et

134 2788 310 2852 nonnullis
334 2789 531 2871 captivatis,
553 2787 590 2852 in
610 2787 729 2872 fugam
753 2809 812 2854 eos
835 2790 1086 2871 compulerunt.

135 2886 260 2951 Nostri
285 2906 424 2970 quoque
447 2888 512 2952 bac
533 2889 645 2971 prima
664 2885 769 2972 ⁴potiti
788 2888 936 2953 victoria
957 2889 1086 2953 obsidi-

133 3006 232 3050 onem
256 2988 474 3064 continnant,
491 2987 667 3070 dispositis
683 2989 720 3051 in
737 3007 862 3071 gyrum
880 2987 1086 3052 militaribus

133 3087 286 3151 catervis
303 3087 340 3150 in
359 3086 449 3150 hunc
465 3087 626 3166 modum;
648 3085 705 3151 Ad
727 3097 864 3169 portam
886 3087 1092 3151 orientalem·

134 3185 222 3250 sedit
242 3185 318 3250 dux
340 3185 549 3250 Godefridus
573 3205 650 3249 cum
668 3186 802 3250 duobus
824 3186 991 3249 frattribus
1015 3187 1087 3250 suis

133 3291 315 3349 eteorum
343 3285 515 3363 catervis3
546 3284 592 3348 ad
621 3293 758 3368 portam
784 3285 1088 3368 septentrionalem

134 3382 296 3448 dominus
315 3384 539 3448 Boamnndus
553 3405 630 3448 curn
648 3384 828 3449 Tancredo
845 3392 880 3448 et
896 3383 973 3447 aliis
994 3384 1088 3464 prin·

136 3483 272 3564 cipibus
299 3483 392 3562 suis;
426 3483 470 3546 ad
496 3491 632 3566 portam
656 3484 841 3548 australem
865 3501 980 3547 comes
1003 3481 1089 3545 Rai-

135 3582 287 3647 mundus
304 3588 340 3646 et
354 3583 537 3666 episcopus
556 3581 759 3662 Podiensis;
783 3583 826 3646 ad
846 3588 983 3665 portam
999 3581 1089 3646 occi·

134 3681 311 3746 dentalem
326 3681 399 3745 dux
416 3681 452 3744 N
454 3670 696 3746 ormannorum
716 3683 903 3757 Robertus,
920 3687 955 3744 et
974 3699 1089 3743 comes

135 3779 374 3858 Flandrcnsis,
390 3800 468 3845 cum
485 3782 556 3844 suis
574 3782 741 3845 armatis:
769 3780 819 3844 sic
836 3798 920 3861 ergo
936 3799 981 3842 ex
997 3780 1090 3842 omni

133 3887 233 3960 parte
259 3881 343 3942 urbs
371 3879 503 3944 vallata
530 3888 602 3957 est,
623 3882 674 3944 ita
701 3880 838 3962 quidem
863 3877 955 3960 qnod
988 3885 1091 3942 antea

134 3997 205 4041 non
216 3979 473 4060 perlustrarunt
487 3979 575 4042 radii
591 3978 722 4043 solares
740 3979 899 4043 militiam
914 3983 986 4048 tam
1003 3997 1091 4059 prae-

134 4078 276 4141 claram.
323 4078 458 4142 Deinde
473 4077 644 4161 principes
661 4078 784 4155 nostri,
801 4077 844 4140 ad
863 4084 1028 4140 terrorem
1042 4075 1091 4139 ci-¹

133 4177 232 4239 vium
251 4176 476 4254 inclusorum,
495 4179 665 4261 capitibus
691 4177 880 4242 occisorum
903 4174 1092 4256 amputatis

134 4283 170 4339 et
182 4277 351 4341 machinis
367 4277 541 4354 immissis
552 4277 589 4340 in
600 4277 719 4341 urbem
735 4275 955 4358 projecerunt
969 4293 978 4351 3
999 4273 1093 4336 mille

939 4397 988 4441 02
