3138 5184
409 565 549 614 enonas
573 565 844 614 ursronranuu.
1036 549 1102 614 21⁷

151 725 309 788 diadema
342 732 458 789 tamen
488 724 603 789 Deum
639 729 778 788 tentans
816 724 957 788 invasit.
1010 723 1102 788 Con·
1115 735 1238 778 Attua-

153 824 306 905 gregatis
329 825 420 886 enirn
439 823 628 888 Londoniis
652 824 756 904 regni¹
773 823 1008 904 magnatibuS‚
1030 842 1103 886 me-

154 924 370 986 liorationem
392 923 509 1003 legum
535 921 694 1003 promisit
711 921 1048 1004 juxta'voluntatem
1067 928 1103 985 et

154 1021 333 1084 arbitrium
356 1022 596 1102 singulorum
617 1019 815 1085 Willelmus
837 1039 985 1101 quoque,
1008 1018 1102 1083 Can-

154 1120 339 1183 tuariensis
359 1120 651 1202 archiepiscopus,
674 1119 734 1201 qui
756 1119 887 1201 primus
908 1127 1104 1182 sacramen-

155 1225 228 1281 tum
262 1236 309 1281 ex
341 1218 499 1282 omnibus
530 1217 741 1300 imperatrici
769 1216 899 1280 fecerat
925 1216 968 1280 de
993 1237 1102 1298 regno

155 1315 308 1396 Angliae,
324 1316 537 1398 Stephanum
555 1317 590 1378 in
606 1335 720 1397 regem
735 1315 962 1379 consecravit.
1008 1314 1101 1393 Quid

18 1461 33 1486 1,
153 1417 260 1494 crgol
313 1414 457 1492 OmneS,
471 1421 511 1479 ut
528 1415 678 1479 breviter
692 1414 838 1492 dicatur,
854 1419 925 1477 tam
936 1414 1102 1495 praesules

154 1532 255 1594 quam
273 1514 417 1576 comites
439 1519 475 1576 et
495 1515 654 1590 barones,
677 1513 737 1594 qui
760 1513 839 1576 filiae
862 1513 953 1593 regis
976 1518 1011 1575 et
1030 1513 1103 1575 suis

154 1611 348 1676 haeredibus
358 1611 564 1694 juraverant
580 1611 795 1686 fidelitatem,
804 1628 1008 1674 consensum
1027 1609 1104 1674 stea

155 1711 270 1792 phano
294 1711 527 1792 praebuerunt,
547 1710 702 1774 (licentes
719 1709 794 1773 iore
814 1709 915 1772 nimis
939 1715 1050 1792 turpe,
1073 1709 1101 1772 si

155 1815 207 1873 tot
238 1809 372 1872 nobiles
402 1808 554 1872 foeminae
579 1809 821 1892 subderentur⁰¹
877 1806 990 1890 UHugo
1015 1826 1104 1888 prae·

156 1914 249 1970 terea
268 1906 394 1989 Bigod,
418 1906 563 1972 Henrici
586 1909 678 1989 regis
691 1897 923 1983 senescallus,
945 1905 1103 1988 praestito

151 2006 363 2089 juramento,
389 2007 551 2089 probavit
583 2025 699 2070 coram
727 2005 984 2085 archiepiscopo
1010 2003 1103 2066 Can·

156 2105 337 2181 tuariensi,
359 2105 463 2186 quod,
480 2105 560 2168 dum
583 2124 643 2168 rex
663 2112 781 2186 ageret
798 2105 834 2165 in
850 2103 1027 2178 extremis,
1040 2103 1104 2164 irn-

156 2204 360 2284 peratrioem
383 2203 620 2267 exhaeredavit
642 2211 677 2267 et
699 2202 913 2285 Stephanum
935 2200 1001 2263 sibi
1023 2220 1105 2264 cona

156 2301 270 2365 stituit
304 2321 549 2366 successorem.
601 2301 715 2382 Igitur
742 2302 777 2364 iu
803 2301 858 2363 die
885 2297 997 2362 sancti
1026 2299 1104 2362 Ste-

157 2399 262 2480 phani
278 2401 578 2483 prothomartyriS,
596 2401 748 2464 omnium
761 2399 891 2474 favore,
906 2397 1105 2480 Stephanus

159 2517 252 2581 saepe
274 2499 387 2563 dictus
404 2518 467 2580 per
485 2499 711 2562 ministerium
727 2496 907 2572 Willelmi,
923 2495 1107 2561 Cantuari-

160 2599 251 2660 ensis
274 2597 534 2680 archiepiscopi,
558 2598 650 2680 apud
666 2595 1015 2661 westmonasterium
1032 2594 1106 2658 dia·

161 2695 260 2759 dema
277 2695 441 2778 suscepit,
456 2704 491 2760 et
508 2716 571 2760 rex
585 2704 638 2760 est
652 2697 695 2759 ab
710 2695 869 2759 omnibus
883 2693 1106 2769 acclamatus,

160 2802 195 2857 et
210 2794 329 2876 regale
349 2794 474 2858 festum
491 2794 669 2878 splendide
685 2794 883 2858 celebravit.
936 2786 1107 2855 ¹Corona·

162 2894 254 2956 tione
285 2894 404 2974 itaque
436 2893 619 2975 magnifice
648 2893 831 2975 completa,
858 2890 1028 2972 homagiis
1052 2910 1106 2953 re··

164 2993 285 3074 ceptis,
301 2993 455 3072 perrexit
472 3012 535 3055 rex
554 2991 748 3074 Stephanus
768 2990 811 3054 ad
835 2989 1021 3065 Oxoniam,
1039 2987 1106 3070 [et]

161 3090 208 3153 ihi
230 3090 448 3154 confirmavit
464 3097 580 3171 pacta,
599 3109 677 3172 quae
700 3089 777 3152 Deo
799 3095 835 3150 et
854 3087 983 3169 populo
1002 3094 1107 3168 atque

163 3189 318 3252 ecclcsiae
347 3198 477 3253 sanctae
508 3190 544 3251 in
578 3189 633 3252 die
660 3186 892 3252 coronationis
922 3205 995 3248 suae
1024 3197 1107 3248 con·

164 3295 327 3363 cesserat,
350 3306 430 3369 quae
449 3287 525 3350 haec
549 3287 709 3364 fuerunt;
748 3285 879 3361 Primo,
903 3304 981 3348 cum
1008 3282 1233 3365 jura-unone..

164 3394 279 3450 mento
294 3387 403 3463 vovit,
418 3386 523 3469 quod,
541 3385 712 3449 defunctis
727 3384 910 3466 episcopis,
933 3402 1002 3447 non
1024 3382 1105 3445 reti·

165 3492 261 3549 neret
278 3485 441 3548 ecclesias
461 3486 497 3546 in
513 3503 617 3547 manu
634 3503 709 3560 sua,
733 3482 793 3546 sed
816 3483 934 3546 statim
948 3479 1106 3544 electioni

164 3585 338 3647 canonicae
355 3584 571 3647 consentiens
583 3582 710 3647 electos
725 3582 889 3646 continno
904 3577 1106 3658 investiret3

165 3683 323 3745 Secundo
340 3682 449 3758 vovit,
466 3681 558 3763 quod
583 3682 712 3744 nullius
736 3680 852 3744 clerici
869 3679 926 3742 vel
948 3677 1027 3741 laici
1049 3678 1108 3741 sil-

165 3801 225 3844 vas
255 3782 293 3843 in
319 3800 424 3843 manu
447 3799 512 3842 sua
540 3780 714 3856 retineret,
737 3780 827 3842 sicut
846 3797 908 3841 rex
933 3776 1108 3839 Henricus

166 3879 304 3956 fecerat,
324 3880 383 3962 qui
406 3878 553 3960 singulis
572 3879 672 3942 annis
695 3897 754 3942 eos
771 3876 1059 3958 implacitaverat,
1077 3875 1107 3938 si

166 3978 219 4040 vel
240 3979 459 4041 venationem
482 3977 656 4058 cepissent
685 3977 721 4039 in
751 3976 849 4040 silvis
874 3973 1033 4055 propriiS,
1053 3972 1109 4036 vel

167 4076 274 4139 sicas
296 4076 341 4138 ad
370 4075 527 4158 proprias
549 4077 773 4139 necessitates
801 4071 1032 4136 distraherent
1053 4071 1109 4134 vel

168 4175 377 4252 minuerent3
404 4175 496 4255 quod
512 4173 651 4236 nefandi
669 4192 778 4254 genus
796 4171 916 4255 placiti
932 4169 1019 4232 adeo
1036 4168 1109 4231 fue-

383 4338 581 4404 mammona]
600 4341 811 4404 Huntingdon,p.
820 4343 875 4389 387.
