3104 5186
476 571 521 636 82
732 585 867 634 nocem
892 584 938 632 on
962 583 1170 634 wnnoovnn

313 762 368 802 nn.
380 761 436 802 10⁹⁷.
477 745 548 810 Hic
572 745 680 826 igitur
702 743 848 827 primum
870 762 916 807 cx
938 741 1084 807 diversis
1109 742 1305 824 agminibus
1330 762 1426 805 unus

312 811 460 902 filmer·
476 845 543 910 Dei
559 843 708 910 viventis
724 844 837 907 factus
855 849 908 906 est
929 842 1115 918 exercitus,
1132 843 1191 906 ubi
1211 836 1427 924 ¹legionibus

475 946 664 1010 numeratis
683 943 815 1008 inventi
837 948 919 1006 sunt
940 940 1067 1005 habere
1087 942 1238 1025 peditum
1256 948 1427 1005 sexcenta

475 1045 596 1121 millia,
618 1043 773 1126 equitum
788 1062 870 1106 vero
892 1041 1114 1105 loricatorum
1141 1049 1280 1105 centum
1303 1040 1426 1117 millia,

475 1145 535 1226 qui
556 1163 675 1207 omnes
692 1144 728 1206 in
748 1161 873 1226 gyrum
895 1141 1070 1223 praedictae
1088 1142 1184 1204 urbis
1206 1140 1427 1205 considentes

475 1243 632 1307 laborum
661 1261 803 1306 suorum
834 1261 912 1305 cum
940 1239 1035 1306 omni
1061 1240 1246 1305 devotione
1273 1240 1427 1304 fructum

476 1342 627 1407 Domino
644 1347 899 1406 consecrarunt.

506 1513 556 1578 Dc
564 1534 676 1598 pagna
684 1514 772 1596 vietor
789 1513 1022 1577 christianas
1040 1515 1166 1591 Tereos,
1180 1523 1209 1578 et
1222 1523 1396 1578 nostrornm

806 1613 939 1676 uictoria
951 1613 1095 1698 gloriosa.

313 1760 463 1811 eregamor.
528 1734 563 1798 N
564 1727 675 1812 icaea,²
687 1737 769 1799 urbs
786 1755 915 1817 magna
932 1742 968 1799 et
986 1755 1102 1800 rerum
1116 1734 1268 1800 omnium
1284 1733 1431 1816 opulen-

477 1835 623 1911 tissima,
645 1854 715 1898 una
737 1843 790 1898 est
819 1835 862 1898 de
889 1834 1088 1899 civitatibus
1112 1833 1301 1916 Bithyniae,
1325 1832 1429 1916 cujus

477 1933 634 1998 dominus
668 1941 743 1997 erat
766 1935 906 2016 quidam
933 1927 1127 1998 Turcorum
1156 1933 1430 2014 potentissimus,

476 2034 579 2096 simul
599 2040 635 2096 et
646 2034 762 2097 ‘totius
783 2034 947 2115 regionis
966 2033 1103 2097 nomine
1118 2032 1351 2109 SolimannuS,
1368 2033 1431 2114 qui

476 2133 597 2214 lingua
615 2133 800 2197 Persarum
828 2153 891 2197 rex
913 2133 1171 2214 interpretatur.
1223 2131 1341 2215 Hujus
1367 2151 1431 2195 an-

477 2239 546 2296 tem
572 2239 807 2296 antecessores
833 2233 877 2297 ab
902 2233 1110 2314 imperatore
1133 2230 1431 2312 Constantinopo-

476 2331 599 2408 litano,
618 2331 777 2396 Romano
800 2333 949 2408 nomine,
965 2333 1025 2414 qui
1046 2338 1127 2394 ante
1153 2329 1245 2393 hunc
1261 2327 1430 2394 Alexium

477 2437 552 2498 erat
572 2430 707 2506 tertius,
730 2429 794 2493 has
813 2430 904 2494 bello
930 2436 1185 2512 occupaverant
1210 2430 1369 2510 regiones
1393 2436 1431 2492 et

477 2528 616 2591 easdem
640 2527 720 2594 huic
744 2529 957 2593 tradiderant
980 2529 1180 2594 Solimanno
1197 2548 1206 2608 ;
1226 2527 1431 2610 possidebat

478 2634 593 2691 autem
630 2628 827 2710 provincias
863 2629 1043 2693 universas
1073 2649 1095 2693 a
1126 2627 1261 2692 Tharso
1292 2626 1428 2691 Ciliciae

477 2746 588 2809 usque
610 2727 654 2790 ad
675 2727 955 2810 Hellespontum,
976 2727 1026 2791 ita
1046 2728 1142 2792 utin
1170 2727 1317 2791 confinio
1334 2726 1430 2790 Con·

476 2827 796 2908 stantinopolitanae
819 2827 971 2891 civitatis
993 2834 1235 2909 procuratores
1258 2844 1341 2890 suos
1365 2826 1431 2889 ha-

477 2924 585 3001 beret,
602 2927 661 3007 qui
680 2927 811 2989 tributa
826 2933 861 2989 et
877 2926 1063 3008 vectigalia
1082 2927 1189 2990 totius
1209 2926 1360 3007 regionis
1382 2926 1430 2989 ad

476 3024 693 3087 commodum
727 3023 855 3089 domini
886 3026 941 3088 sui
972 3026 1174 3106 colligerent
1208 3031 1244 3088 et
1281 3025 1431 3089 collecta

477 3121 716 3186 confiscarent.
769 3122 852 3206 Ipse
876 3130 991 3188 autem
1019 3145 1095 3188 cum
1121 3124 1342 3189 multitudine
1369 3143 1431 3188 co-

478 3222 577 3303 piosa
593 3229 802 3288 armatorum
818 3224 854 3287 in
871 3225 1046 3288 montibus
1060 3225 1195 3301 vicinia,
1212 3217 1291 3288 ³vix
1305 3224 1349 3286 ab
1365 3224 1431 3287 ob·

478 3321 611 3385 sidione
626 3321 744 3386 decem
758 3322 962 3387 milliaribus
977 3324 1122 3400 distans,
1132 3323 1427 3405 opportunitatem

477 3421 667 3502 quaerebat,
683 3441 753 3503 quo
776 3422 894 3486 ordine
917 3422 1037 3485 urbem
1059 3429 1178 3504 posset
1193 3442 1215 3486 a
1232 3441 1333 3485 cruce
1357 3423 1430 3504 sig·

475 3527 636 3583 natorum
658 3519 895 3602 inquietudine
918 3519 1075 3584 liberare.
1128 3521 1229 3585 Tunc
1255 3519 1428 3586 Soliman-

476 3637 552 3696 nus,
569 3625 609 3682 nt
624 3619 718 3684 cives
739 3620 897 3685 obsessos
911 3620 1160 3697 consolaretur,
1176 3620 1264 3684 duos
1286 3620 1330 3683 ad
1347 3620 1427 3686 illos

476 3716 603 3782 direxit
623 3718 775 3795 nuntios,
789 3719 849 3800 qui
872 3719 1012 3801 navigio
1030 3739 1092 3802 per
1106 3718 1220 3782 lacum
1238 3719 1281 3783 ad
1305 3721 1427 3782 urbem

475 3816 733 3894 descenderent,
756 3824 791 3881 et
808 3817 975 3882 mandata
993 3819 1058 3882 sibi
1081 3819 1244 3901 imposita
1267 3817 1311 3880 ad
1331 3819 1426 3883 cives

475 3915 633 3980 obsessos
644 3915 780 3980 occulte
796 3917 1011 3998 perferrent3
1029 3918 1089 3981 sed
1105 3937 1196 3982 unus
1213 3937 1259 3981 ex
1271 3917 1428 4006 illisqui

509 4163 675 4228 'Legionibus
685 4161 841 4234 nummatis]
860 4165 935 4216 Gom·
995 4163 1006 4192 ³
1017 4165 1069 4214 Vix
1086 4163 1116 4212 ab
1133 4163 1255 4212 obediere
1265 4198 1271 4212 .
1282 4161 1430 4226 ..distom.]

473 4250 534 4296 pere
543 4235 774 4286 Fulcber.0arnot.
787 4240 879 4298 pisi.
959 4235 1030 4282 ‘Vix
1050 4249 1066 4282 a
1085 4238 1169 4282 nostro
1197 4233 1311 4282 exercitu
1339 4233 1429 4299 decem

507 4301 624 4366 ’Nicoeo,
643 4305 702 4354 urbs
721 4301 841 4373 ΝΜ]
863 4305 935 4356 will.
961 4305 1059 4354 distans
1075 4303 1246 4353 milliaribus.’
1279 4301 1350 4352 Will.
1366 4303 1427 4364 Tyr.

472 4372 640 4434 Tyr.p.ooo.
960 4390 986 4436 p.
999 4378 1056 4423 ece.
1212 4413 1214 4420 Α
1275 4395 1278 4401 ,
