3178 5194
433 565 575 614 roonns
598 565 870 616 nrsronrnrurr.
1056 549 1122 618 mi

171 725 344 803 absolvat,
362 733 398 789 et
415 726 508 809 quod
529 725 615 790 nulli
634 725 809 790 hominum
828 725 931 792 liceat
948 725 1256 832 infirmaremur·

172 825 262 907 quod
278 825 384 888 sedes
400 825 594 908 apostolica
607 825 799 890 decreverit
813 825 1051 908 statuendum3
1070 835 1124 892 nt·
1135 791 1255 884 {omn

171 931 299 1000 tamen,
318 924 350 987 si
369 924 622 989 londoniensis
638 931 674 989 et
693 923 955 990 Sarisberiensis
972 923 1124 1010 episcopi

173 1023 290 1086 etalii
312 1023 603 1088 excommunicati
625 1041 689 1088 suo
712 1023 874 1089 mandato
894 1041 932 1089 so
951 1023 1124 1108 perituros

168 1122 289 1204 jurare
303 1123 447 1200 vellent,
464 1141 525 1187 eos
546 1142 611 1206 pro
630 1140 717 1205 pace
735 1123 890 1188 eoeleste
906 1131 943 1188 et
965 1141 1124 1190 reveren-

172 1221 222 1284 tia
246 1221 378 1285 domini
404 1222 497 1303 regis
522 1221 729 1287 absolveret.
803 1221 862 1286 Illi
884 1241 966 1288 vero
994 1221 1047 1288 ira
1073 1223 1126 1288 in·

173 1320 431 1399 candescentes,
449 1327 486 1385 et
504 1321 618 1384 scelus
637 1319 819 1397 nefarium,
840 1320 932 1403 quod
955 1320 990 1386 in
1010 1328 1125 1388 mento

173 1427 414 1502 conceperant,
433 1419 478 1484 ad
499 1419 658 1484 effectum
678 1419 864 1502 perducere
886 1427 1124 1504 properantes,

174 1536 251 1581 cum
284 1519 416 1601 impetu
446 1523 661 1583 recesserunt
678 1538 687 1598 ;
721 1518 998 1603 archiepiscopus
1030 1539 1124 1600 vero,

173 1619 393 1681 monentibus
414 1618 548 1682 clericis
574 1617 647 1682 suis
673 1624 709 1682 et
730 1616 816 1683 hora
841 1617 909 1683 diei
929 1618 1126 1702 vespertino

174 1717 389 1797 argenteio
407 1717 573 1802 majorem
595 1715 739 1782 intravit
760 1715 940 1784 ecclesiam
963 1735 1125 1802 vesperas

175 1822 391 1880 cantaturus.
448 1815 611 1895 Quatuor
640 1815 758 1898 itaque
789 1815 957 1882 satellites
987 1815 1126 1883 nefandi

176 1915 380 1996 supradicti,
407 1916 513 1979 armis
532 1915 671 1979 interim
695 1913 807 1980 induti
829 1914 1047 1994 militaribus,
1069 1933 1125 1982 ar·

173 2011 431 2097 ehiepiscopum
448 2034 468 2078 e
485 2013 633 2095 vestigio
650 2021 732 2079 sunt
752 2013 875 2091 secuti,
897 2013 968 2097 qui,
986 2033 1062 2080 eum
1080 2015 1124 2080 nd

174 2111 356 2176 ecclesiam
377 2114 627 2195 pervenissent,
644 2112 735 2178 ostia
751 2112 839 2196 ejus,
858 2118 897 2176 ut
914 2119 1126 2196 preecepornt

172 2211 466 2294 archiepiscopus,
480 2213 687 2276 invenerunt
701 2219 838 2294 aperte3
857 2209 1002 2294 ‘Neque
1014 2209 1127 2291 onim,'

174 2309 238 2386 ait,
252 2314 262 2344 ‘
275 2309 405 2374 Christi
416 2311 609 2388 ecclesiam,
620 2329 698 2393 queo
713 2311 846 2376 cunetis
863 2309 965 2376 debet
980 2328 1055 2375 esso
1073 2330 1126 2376 re·

175 2407 322 2490 fugium,
340 2410 460 2473 ordine
482 2411 622 2474 turbato
639 2409 926 2474 commutabimus
945 2410 981 2474 in
1001 2409 1125 2476 castel-

176 2506 273 2571 lum.'
294 2508 423 2571 Turbis
440 2527 578 2591 quoque
593 2508 745 2591 undique
761 2507 1027 2588 confluentibus,
1038 2527 1126 2592 pree·

175 2605 240 2669 fati
269 2614 420 2689 quatuor
449 2607 577 2671 milites
608 2607 789 2672 ecclesiam
815 2605 1043 2674 irreverenter
1073 2607 1126 2672 in·

175 2705 287 2785 gressi
311 2706 461 2770 clamare
482 2712 674 2789 coeperunt,
697 2705 794 2771 ‘Ubi
819 2713 874 2772 est
894 2705 1051 2790 proditor
1072 2725 1126 2772 re·

175 2803 243 2884 gis,
264 2805 325 2868 uhi
346 2812 401 2869 est
426 2805 582 2887 proditor
608 2805 713 2886 regis,
737 2804 797 2869 ubi
822 2811 876 2870 est
898 2804 1127 2888 archiepisco·

178 2921 242 2984 pus
251 2903 280 2965 ι’
317 2903 383 2967 Ille
402 2910 532 2981 autem,
549 2923 626 2967 cum
646 2903 800 2968 audisset
817 2923 941 2968 nomen
958 2903 1127 2990 archiepi-

176 3002 285 3083 scopi,
298 3020 321 3064 a
335 3003 440 3065 tertio
452 3002 508 3067 vel
524 3009 648 3084 quarto
663 3001 868 3085 presbyterii
885 3001 1008 3085 gradu,
1025 3021 1127 3086 quem

42 3089 43 3100 ’
173 3100 246 3182 jam
263 3100 478 3178 ascenderat,
494 3102 545 3164 eis
561 3101 698 3166 obviam
716 3119 894 3184 regressus
915 3107 981 3181 est,
997 3101 1128 3182 dicens,

176 3198 239 3262 ‘Si
252 3200 409 3280 quaeritis
422 3198 728 3282 archiepiscopum,
745 3218 825 3264 ecce
841 3219 895 3264 me
911 3200 947 3264 in
965 3207 1128 3284 promptu

175 3297 312 3360 habetis
323 3296 344 3375 3’
365 3299 492 3380 quibus
509 3299 635 3362 acerba
650 3298 921 3381 proponentibus
939 3298 971 3363 ei
985 3317 1026 3364 ae
1040 3317 1128 3364 mor·

177 3403 247 3460 tem
264 3397 554 3462 comminantibus
572 3397 635 3474 ait,
657 3402 668 3432 ‘
685 3397 762 3479 Ego
775 3395 863 3461 mori
877 3405 1021 3482 paratus
1038 3415 1128 3477 snm,

176 3496 261 3558 vitae
283 3496 472 3577 praeferens
496 3496 720 3560 assertionem
741 3494 890 3580 justitie
916 3503 952 3562 et
973 3495 1129 3562 ecclcsiae

177 3593 398 3673 libertatem
420 3615 507 3676 rogo
523 3603 639 3658 tamen
662 3603 702 3659 nt
720 3595 788 3659 mei
810 3615 879 3658 non
900 3595 972 3660 sint
988 3593 1130 3661 obnoxii

177 3701 306 3773 poenae,
317 3692 409 3756 sicut
422 3713 492 3756 non
505 3693 645 3757 fuerunt
656 3693 851 3758 incentores
866 3693 1007 3760 canam!
1036 3693 1130 3758 llnnt

177 3799 297 3854 antem
323 3791 464 3854 nefandi
487 3791 667 3855 carnifices
696 3792 826 3856 stridis
855 3791 888 3856 ei
910 3791 1132 3876 insurgerent

178 3889 319 3952 ensibus
338 3889 401 3966 ait,
418 3889 518 3953 ‘Deo
534 3899 570 3954 et
585 3889 699 3953 beatae
718 3889 844 3954 Μιιιιιιι
861 3897 898 3956 ct
913 3891 1045 3956 sanctis
1065 3889 1132 3956 uo·

173 3988 235 4070 jus
252 3988 410 4051 oeclesiae
425 3987 583 4070 patronis
599 3994 636 4052 et
653 3989 757 4052 bento
776 3987 947 4072 Dionysio
962 3989 1133 4072 meipsum

177 4095 215 4150 et
228 4087 386 4150 ecclesiae
402 4106 546 4150 mnsam
564 4085 791 4152 commendo!
842 4085 1049 4152 lmnolams
1064 4086 1133 4152 ita·

177 4205 248 4266 qne
266 4193 402 4267 martyr
422 4186 598 4268 glorium
615 4192 697 4250 ante
715 4185 826 4252 altare
841 4185 936 4251 beati
953 4184 1134 4252 Benedicti
