3104 5186
410 573 550 622 neonus
573 573 844 625 nrsroaranun.
1058 565 1103 630 89

153 729 269 813 itaq'ne
300 729 365 794 hoc
397 731 556 812 praelium
584 727 651 796 die'
664 731 891 796 kalendarum
915 733 1101 813 luliarum,
1116 756 1240 856 ,istm

153 849 270 912 pugna
287 830 439 904 multum
458 831 626 908 dissimili,
649 851 727 895 cum
751 832 943 896 Turcornm
963 843 1101 900 centnm
1115 859 1267 902 nocam.

154 930 406 1012 quinquaginta
427 930 536 993 millia
558 938 680 995 contra
698 931 916 997 Christianos
930 925 1103 1018 quinq'na·

154 1029 248 1109 ginta
263 1029 374 1092 millia
388 1029 615 1094 decertarent.

155 1202 200 1266 De
213 1224 380 1290 propressa
395 1204 631 1290 pereqrr'norcm
652 1226 674 1268 a
690 1203 802 1269 Nicen
824 1225 916 1291 usqae
932 1205 980 1271 ad
989 1206 1103 1274 Antio-

356 1303 458 1366 chiam
472 1305 508 1367 ia
524 1302 695 1389 ropionibus
709 1301 889 1389 erlybpatr'r.

200 1425 394 1509 Postquam
421 1434 536 1490 antem
560 1448 622 1510 per
639 1427 791 1491 triduum
808 1448 953 1507 moram,
973 1430 1039 1494 sibi
1067 1436 1102 1494 et
1115 1450 1216 1492 aarum

154 1526 248 1606 equis
270 1528 514 1603 neeessariam,
534 1528 570 1589 in
586 1527 664 1591 loco
684 1529 883 1592 certaminis
908 1529 1102 1612 protraxis·
1115 1502 1250 1544 ”mm

155 1633 238 1702 sent,
255 1626 354 1689 lituis
374 1627 605 1703 monentibuS,
621 1646 659 1689 se
674 1627 799 1690 iterum
815 1621 877 1691 ¹ad
897 1629 965 1692 iter
986 1628 1103 1693 acciu·

154 1732 249 1804 gunt,
271 1732 310 1789 et
331 1733 531 1789 transcursa
553 1725 720 1808 Bithynia
740 1727 916 1804 universa,
935 1727 1108 1793 Pisidiam·

155 1831 230 1887 sunt
244 1825 395 1906 ingressi
409 1847 417 1904 ;
440 1826 500 1888 uhi
519 1844 602 1889 casn
619 1826 656 1888 in
673 1826 886 1907 provinciam
901 1835 1054 1892 arentem
1066 1837 1104 1892 et

154 1927 357 2008 inaquosam
375 1925 633 2002 descendentes,
648 1926 774 1989 ibidem
791 1927 915 2008 positis
931 1927 1101 2014 [castris],

155 2026 416 2108 importunitate
433 2024 565 2088 ardoris
576 2025 644 2108 [et]
654 2026 816 2089 molestia
830 2027 937 2108 coepit
951 2027 1102 2109 populus

156 2126 203 2188 ita
218 2126 377 2201 deficere,
393 2133 434 2189 ut
451 2125 635 2206 plusquam
657 2125 838 2207 quingenti
859 2127 1019 2208 spiritum
1039 2145 1103 2190 ex-

156 2224 332 2303 halarent3
359 2225 498 2288 tandem
520 2224 574 2287 his
594 2225 706 2306 erepti
729 2225 890 2307 periculis
915 2226 1101 2291 descende-

154 2333 230 2390 runt
251 2326 290 2388 in
310 2325 486 2405 regionem
512 2323 731 2401 uberrimam,
750 2325 859 2408 juxta
880 2321 1102 2390 Antiochiam

155 2425 329 2500 minorem,
352 2443 430 2505 qnae
451 2423 592 2487 Pisidiae
610 2424 810 2506 metropolis
832 2432 897 2489 est.
949 2425 1103 2490 Exhinc

155 2543 289 2608 qnoque
306 2531 439 2587 turmas
455 2542 536 2586 suas
553 2522 747 2587 dividentes
765 2524 911 2606 dispersi
937 2531 1019 2588 sunt
1039 2543 1104 2608 per

155 2624 360 2704 provinciae,
383 2630 422 2686 ut
451 2642 510 2686 eas
532 2623 765 2705 explorarent,
791 2643 861 2706 qno
889 2632 1032 2706 possent
1057 2625 1101 2688 ad

155 2725 325 2805 principes
341 2741 460 2784 earum
479 2721 629 2805 perferre
645 2723 823 2801 notitiam;
856 2724 915 2806 qui
937 2742 959 2786 a
978 2724 1104 2788 castris

156 2823 253 2886 divisi
278 2821 500 2897 Heracleam,
525 2821 711 2903 Lycaoniae
733 2823 865 2900 urbem,
891 2829 1103 2906 praeterenn-

149 2907 204 2985 tes
237 2921 283 2986 ad
318 2921 476 2984 Iconium
515 2919 669 3003 ejusdem
700 2922 851 3002 regionis
886 2922 1104 3004 metropolim

156 3027 396 3102 pervenerunt,
418 3038 523 3102 quam
543 3018 637 3083 omni
661 3018 856 3085 habitatore
878 3040 1025 3086 vacuam
1050 3023 1105 3085 in-

155 3128 341 3199 uenerunt3
372 3119 478 3184 Turci
495 3119 585 3182 enim
607 3118 765 3183 civitates
786 3127 821 3183 et
840 3120 985 3185 castella
1007 3121 1105 3186 dese·

158 3229 281 3297 rentes,
308 3221 449 3301 cognito
474 3219 733 3301 peregrinorum
762 3220 926 3297 adventu,
949 3241 1019 3284 non
1042 3221 1105 3285 ha-

157 3319 283 3383 bebant
310 3319 470 3383 fiduciam
503 3318 705 3396 resistendi3
736 3319 883 3402 indeque
914 3319 1104 3384 Marasiam

157 3421 273 3482 urbem
296 3426 529 3494 transeuntes,
546 3418 704 3483 Ciliciam
719 3425 801 3482 sunt
816 3419 975 3500 ingressi.
1028 3420 1106 3484 Ha-

156 3519 210 3584 bet
237 3524 357 3582 autem
387 3517 510 3581 Cilicia
542 3519 587 3581 ab
620 3519 751 3581 oriente
775 3516 1031 3601 Coelo-syriam,
1060 3521 1104 3583 ab

156 3619 332 3684 occidente
356 3613 546 3694 Isauriam,
562 3637 585 3680 a
610 3618 844 3700 septentrione
863 3617 953 3700 juga
976 3620 1105 3683 montis

156 3716 274 3796 Tauri,
300 3718 345 3780 ab
374 3724 492 3780 austro
516 3717 703 3800 Cypricum
726 3737 841 3798 mare3
872 3717 977 3782 habet
998 3719 1104 3782 etiam

155 3818 239 3883 duas
258 3818 361 3880 nrbes
383 3818 680 3901 metropolitanae,
698 3816 907 3881 Anavarzan
933 3824 968 3881 et
990 3817 1105 3882 Thar-

156 3937 242 3996 sum,
263 3917 415 3981 doctoris
437 3917 591 3998 gentium
614 3915 717 3980 Pauli
736 3917 853 3980 natale
871 3918 1003 3995 solnm3
1030 3917 1105 3981 haec

155 4019 274 4082 civitas
291 4017 432 4080 subdita
449 4023 502 4080 est
517 4016 731 4093 Baldewino,
753 4015 853 4078 sratri
871 4017 968 4081 ducis
988 4016 1104 4080 Gode-

188 4234 458 4297 ¹Aditerarcingaat.]
469 4233 536 4282 ‘The
543 4234 614 4295 jour·
641 4235 698 4283 able
716 4233 782 4294 light
800 4247 832 4281 on
852 4233 893 4281 the
913 4233 1060 4297 geography
1078 4231 1108 4281 ol‘

155 4319 201 4366 ney
215 4305 244 4355 of
257 4304 482 4354 ColMacdonald
502 4304 616 4352 Kinnear
640 4304 691 4352 diis
713 4302 798 4350 march
825 4301 854 4348 bf
878 4302 920 4351 the
945 4298 1106 4352 ctusaners?

155 4375 179 4422 in
192 4375 255 4424 Asia
272 4375 359 4423 Minor
376 4373 470 4424 throws
488 4375 615 4424 consider·
641 4372 760 4424 Gibb.xi.
769 4386 795 4431 p.
804 4374 846 4432 6⁰,
855 4376 912 4421 note
922 4373 1104 4433 bytheEditor.
