3144 5180
448 571 513 635 282
704 585 838 634 nocam
865 585 910 632 nn
934 585 1141 634 wnunovnn

287 761 342 802 nn.
354 762 410 800 nec
451 765 542 828 papa
559 745 633 826 regi
653 750 833 826 gratanter
849 763 1005 808 annuens
1028 743 1093 807 hoc
1117 761 1266 824 sequens
1282 743 1313 805 ci
1329 743 1402 823 pri-

289 962 367 1001 Adrirn
376 967 398 1001 to

286 1013 323 1050 the
333 1012 371 1050 kln
387 1039 393 1059 ,

286 1023 413 1111 memte,

289 1111 379 1150 lrelnnd.

450 844 616 925 vilegium
630 843 839 922 destinavit3

493 949 510 1014 ‚‘
529 936 720 1008 Adrianus¹
754 943 950 1024 episcopus,
972 957 1095 1006 servus
1118 957 1296 1004 servorum
1321 940 1403 1014 Dei,

449 1043 629 1106 carissimo
650 1043 687 1105 in
712 1041 852 1105 Christo
874 1039 958 1116 filio,
980 1039 1108 1103 illustri
1129 1038 1323 1119 Anglorum
1347 1057 1403 1101 re·

449 1142 498 1222 gi,
516 1141 716 1204 salutemet
733 1129 958 1222 apostolicam
983 1139 1265 1202 benedictionem.
1306 1138 1401 1201 Lau—

450 1240 613 1303 dabiliter
643 1246 678 1303 et
709 1239 795 1303 satis
825 1239 1001 1301 fructuose
1034 1238 1077 1300 de
1106 1235 1258 1318 glorioso
1290 1236 1402 1301 nomi-

451 1359 494 1402 ne
518 1347 579 1402 tuo
601 1338 826 1421 propagando
854 1338 889 1399 in
915 1337 1030 1414 terris,
1058 1342 1094 1399 et
1120 1342 1261 1399 aeternae
1290 1334 1401 1398 felici-

451 1437 535 1501 tatis
563 1439 706 1520 praemio
732 1436 939 1500 cumulando
963 1435 1000 1498 in
1024 1432 1131 1512 caelis,
1155 1445 1218 1498 tua
1242 1435 1401 1515 magnifi-

449 1538 563 1600 centia
594 1537 745 1617 cogitat„
759 1536 841 1598 dnm
864 1536 909 1599 ad
932 1534 1129 1598 dilatandos
1151 1534 1307 1597 ecclesiae
1329 1539 1402 1596 ter-

449 1636 572 1711 minos,
589 1635 633 1697 ad
651 1634 895 1698 declarandum
913 1634 1062 1698 indoctis
1077 1641 1112 1696 et
1130 1632 1273 1696 rudibus
1287 1651 1400 1714 popu-

449 1735 492 1796 lis
512 1733 719 1797 Christianae
740 1733 819 1797 fidei
844 1734 1036 1808 veritatem,
1059 1741 1095 1796 et
1116 1732 1279 1797 vitiorum
1298 1732 1400 1813 plan-

449 1833 539 1897 taria
564 1833 607 1897 de
635 1852 721 1914 agro
753 1833 936 1896 Dominico
959 1831 1197 1914 exstirpanda,
1224 1832 1314 1895 sicut
1338 1850 1399 1894 ca-

451 1933 598 1996 tholicus
623 1932 784 2014 princeps
808 1931 969 2007 intendis,
995 1939 1030 1994 et
1057 1930 1100 1994 ad
1127 1931 1162 1994 id
1187 1931 1399 1994 convenien-

450 2032 519 2094 tius
536 2031 793 2113 exsequendum
810 2030 989 2095 consilium
1004 2030 1096 2094 sadis
1114 2029 1315 2112 apostolicae
1332 2049 1396 2091 ex-

450 2132 518 2212 igis
536 2137 572 2194 et
588 2131 762 2208 favorem3
785 2131 820 2193 in
838 2149 907 2212 quo
921 2130 1015 2193 facto
1033 2135 1165 2210 quanto
1183 2129 1299 2192 altiori
1313 2147 1397 2191 con-

450 2232 529 2294 silio
550 2239 587 2294 et
607 2231 730 2314 maj0ri
751 2230 957 2294 discretione
980 2228 1150 2310 procedis,
1172 2234 1272 2291 tanto
1293 2227 1329 2289 in
1354 2246 1397 2290 eo

451 2329 637 2394 feliciorem
655 2347 874 2412 progressum
891 2335 938 2406 te,
954 2333 1101 2410 parante
1116 2327 1279 2404 Domino,
1290 2327 1397 2389 conii·

451 2429 565 2492 dimus
592 2429 819 2498 habiturum..
851 2427 1064 2509 Significasti
1087 2426 1256 2508 siquidem
1284 2426 1398 2502 nobis,

451 2527 500 2590 fili
517 2529 554 2591 in
570 2527 709 2592 Christo
726 2527 914 2604 carissime,
930 2535 965 2590 te
981 2525 1161 2590 Hiberniae
1175 2524 1336 2600 insulam,
1352 2525 1397 2587 ad

449 2626 661 2715 subdendum
685 2628 849 2716 populum
874 2626 1009 2707 legibus
1033 2625 1239 2712 Christianis
1264 2631 1299 2686 et
1316 2623 1397 2688 viti-

449 2746 547 2789 omm
561 2725 640 2789 inde
652 2719 842 2808 ²plantaria
853 2709 1091 2806 exstirpanda,
1106 2723 1195 2790 vella
1205 2724 1347 2800 intrare,
1360 2731 1397 2786 et

449 2825 492 2888 de
509 2825 655 2906 singulis
680 2811 837 2888 domibus
855 2843 1003 2888 annuam
1021 2825 1122 2887 unius
1144 2822 1276 2885 denarii
1292 2823 1396 2886 beato

450 2923 557 2987 Petro
581 2923 671 2988 velle
695 2925 829 2988 solvere
858 2924 1069 3006 pensionem,
1092 2930 1127 2986 et
1148 2921 1232 3005 jura
1256 2920 1396 2984 ecclesi-

449 3042 547 3086 arum
567 3023 660 3086 illius
677 3031 779 3086 terrae
801 3022 937 3086 illibata
958 3029 994 3086 ct
1012 3023 1149 3103 integra
1168 3039 1396 3100 conservarc;

450 3141 513 3185 nos
528 3129 644 3186 autem
660 3123 756 3204 pium
771 3129 806 3187 et
822 3122 996 3186 laudabile
1010 3120 1215 3184 desiderium
1232 3127 1329 3184 tunm
1347 3119 1396 3183 sa-

449 3241 532 3285 vore
550 3241 704 3304 congruo
724 3229 984 3304 prosequentes,
1005 3228 1041 3285 et
1063 3219 1223 3302 petitioni
1246 3226 1318 3283 tuae
1337 3220 1397 3281 be-

449 3320 592 3402 nignum
607 3321 843 3403 impendentes
857 3339 1052 3397 assensum,
1068 3326 1206 3401 gratum
1223 3324 1258 3381 et
1274 3336 1397 3400 accep·

450 3427 522 3483 tum
545 3421 724 3504 habemus
744 3429 782 3485 ut
807 3439 871 3502 pro
892 3419 1079 3484 dilatandis
1102 3418 1397 3485 ecclesiaetermi·

448 3520 516 3596 nis,
529 3539 593 3601 pro
610 3520 773 3583 vitiorum
795 3518 1034 3600 restringendo
1055 3517 1225 3593 discursu,
1238 3535 1300 3599 pro
1318 3535 1395 3580 cor-

448 3618 600 3698 rigendis
629 3619 782 3682 moribus
813 3625 848 3682 et
875 3617 1063 3682 virtutibus
1093 3615 1295 3691 inserendis,
1328 3633 1394 3695 pro

449 3715 658 3780 Christianae
690 3717 869 3798 religionis
897 3723 1095 3798 augmento,
1118 3715 1273 3778 insulam
1297 3713 1395 3776 illam

447 3815 651 3896 ingrediaris
674 3823 709 3878 et
731 3835 809 3898 quae
832 3815 876 3880 ad
902 3815 1067 3878 honorem
1090 3813 1159 3878 Dei
1185 3821 1220 3878 et
1246 3813 1395 3878 salutem

446 3914 540 3978 illius
557 3922 659 3979 terrac
674 3903 909 3996 spectaverint
927 3913 1141 3995 exsequaris,
1160 3922 1195 3977 et
1211 3912 1305 3974 illius
1325 3919 1396 3974 ter-

445 4033 495 4076 rae
517 4015 666 4096 populus
691 4021 726 4077 te
748 4015 892 4096 recipiat
918 4021 953 4077 et
978 4014 1069 4076 sicut
1087 4013 1262 4074 dominum
1291 4029 1395 4074 vene-

446 4120 552 4188 retur,
564 4113 644 4196 jure
659 4113 882 4177 ecclesiarum
899 4113 1034 4178 illibato
1050 4119 1085 4175 et
1104 4111 1241 4192 integro
1257 4130 1396 4191 perma-

481 4262 645 4327 ¹Adrinnaa]
663 4265 787 4324 Compare
803 4265 907 4325 Rymcr,
955 4260 1292 4323 'PlenioriacxstirpnnduJ
1304 4262 1398 4310 ‘Plan-

443 4335 471 4452 il.¹
477 4338 548 4467 3²1?
554 4335 681 4452 l{filiarum
703 4334 796 4382 Annnl.
815 4335 848 4382 ad
865 4349 906 4382 an.
931 4335 1003 4383 tariis
1014 4327 1193 4393 exstirpandis'
1205 4332 1230 4379 in
1244 4331 1300 4380 MS.
