3178 5194
272 733 327 774 Μ).
339 735 394 774 1184.

271 1223 319 1270 Gay
328 1221 354 1261 de

271 1271 386 1320 busignan,

432 543 499 607 414
688 558 823 606 noonnr
846 559 893 606 nn
917 559 1124 608 wannovnn

433 733 509 778 esse
523 721 771 795 cognoscentes
787 713 962 796 fugerunt,
978 715 1106 791 omnia,
1130 735 1208 797 quae
1226 735 1291 780 sua
1307 718 1380 781 sue-

433 820 524 890 rant,
539 813 785 896 relinquentes.

435 985 526 1060 Quod
541 986 643 1050 autu
657 987 695 1052 du
708 987 873 1086 Liriuu'uco
888 989 976 1072 rapui
991 987 1168 1052 Jerusalem
1184 989 1381 1054 constituitur

799 1095 999 1172 procurator.

485 1209 661 1292 Regnavit
674 1211 739 1273 sub
755 1210 797 1274 iis
815 1210 935 1274 diebus
947 1211 985 1273 in
1002 1210 1225 1275 Hierusalem
1240 1204 1381 1276 ¹Balde

270 1325 374 1370 protector
384 1321 407 1361 ot
433 1311 557 1387 winus,
585 1308 755 1374 Amalrici
786 1310 958 1392 quondam
987 1310 1080 1391 regis
1111 1310 1214 1387 filius,
1245 1312 1304 1393 qui
1336 1312 1380 1375 ab

284 1372 395 1412 emulum.

267 3411 385 3460 conquat·

269 3462 293 3500 oi
299 3461 391 3501 sautia.

433 1409 533 1474 initio
570 1409 668 1490 regni
709 1408 929 1489 elephantino
965 1409 1129 1474 laborans
1163 1410 1380 1474 incommodo

428 1509 504 1593 jam
525 1508 642 1572 lumen
663 1509 838 1586 amiserat,
855 1516 902 1586 et,
917 1510 1193 1591 putrescentibus
1210 1511 1379 1574 membro-

433 1628 509 1671 rum
534 1608 824 1685 extremitatibus,
854 1609 959 1691 pedes
990 1609 1022 1673 ei
1054 1616 1090 1672 et
1120 1605 1242 1673 manus
1275 1629 1377 1673 suum

433 1706 581 1772 officium
603 1707 843 1789 denegabant3
871 1709 1003 1790 regiam
1022 1715 1138 1772 tamen
1157 1709 1377 1773 administra-

433 1807 573 1885 tionem,
597 1806 680 1871 licct
705 1826 848 1890 corpore
873 1808 995 1871 debilis
1017 1814 1108 1872 esset
1130 1809 1245 1872 animo
1266 1808 1380 1885 fortia,

433 1925 541 1989 supra
556 1907 649 1971 vires
676 1905 852 1971 nitebatur
871 1907 1027 1990 implere.
1080 1907 1291 1972 Convocatis
1312 1909 1380 1972 ita·

432 2026 502 2089 qne
523 2006 734 2089 principibus
754 2007 839 2085 suia,
855 2013 966 2071 matre
983 2014 1156 2090 praesente
1178 2014 1213 2070 et
1231 2007 1380 2089 patriar·

433 2105 510 2183 cha,
529 2099 744 2169 ²Guidonem
765 2105 808 2170 de
831 2105 1019 2184 Lizimaco,
1045 2108 1204 2171 comitem
1226 2106 1250 2171 J
1253 2126 1382 2189 oppen-

433 2225 507 2268 sem
534 2214 570 2272 et
594 2204 895 2283 Ascalonitanum,
926 2206 1026 2287 regni
1055 2207 1237 2271 constituit
1266 2208 1380 2288 provi-

433 2323 554 2369 sorem.
607 2303 745 2369 Habuit
758 2304 850 2368 idem
866 2305 982 2370 Guido
1004 2324 1156 2370 sororem
1178 2307 1271 2388 regis
1293 2325 1382 2370 uxo-

432 2424 517 2481 rem,
542 2405 680 2468 nomine
711 2404 878 2481 Sibillam,
908 2424 986 2486 quae
1011 2406 1107 2488 prins
1128 2405 1311 2470 marchisio
1338 2407 1382 2471 de

432 2502 722 2568 Monte-Ferrato
754 2505 973 2570 matrimonio
1003 2506 1168 2588 copulata
1195 2506 1304 2569 filiurn
1336 2526 1380 2571 ex

429 2602 492 2666 illo
521 2611 723 2686 susceperat
749 2605 886 2668 nomine
911 2603 1170 2684 Baldewinum3
1204 2606 1265 2669 sed
1291 2626 1380 2683 cum,

431 2701 611 2784 aliquanto
643 2710 798 2786 tempore
825 2703 986 2770 Gnidone
1020 2711 1244 2788 procuratore
1271 2707 1379 2769 exist·

431 2808 521 2878 ente,
548 2801 906 2885 Hierosolymitanum
928 2823 997 2868 non
1020 2812 1279 2887 prosperaretur
1302 2824 1380 2886 reg-

431 2897 526 2978 num,
548 2921 623 2979 rex,
646 2909 762 2966 amoto
785 2921 838 2980 eo,
858 2902 1067 2984 Reimundo,
1089 2903 1205 2968 comiti
1227 2902 1378 2988 Tripoli-

431 3007 527 3078 tano,
540 3001 639 3083 regni
657 3020 775 3065 curam
793 3003 977 3067 commisit.

432 3173 521 3254 Quod
534 3173 739 3254 Sabutum,
756 3175 912 3240 Satricum
926 3173 1110 3260 Batauus,
1118 3176 1229 3263 plures
1243 3177 1381 3243 'ciuitates
1445 3245 1448 3250 ,

691 3275 942 3340 Christianorum
956 3275 1116 3340 acutat.

474 3391 651 3480 Contigit³
665 3397 730 3461 bac
748 3404 966 3481 tempestate,
976 3406 1015 3464 nt
1032 3398 1249 3477 Salaadinus,
1262 3401 1380 3465 Salda-

430 3516 496 3560 nus
517 3497 695 3576 Damasci,
717 3497 915 3581 subjugatis
938 3498 1097 3570 omnibus
1120 3500 1260 3582 regibus
1277 3501 1381 3565 Sara·

429 3597 523 3660 cenis
549 3598 585 3660 in
609 3597 736 3661 finibus
758 3597 866 3661 totius
889 3597 1046 3676 orientis,
1072 3599 1122 3663 ita
1144 3606 1183 3663 ut
1205 3599 1380 3664 diceretur

430 3715 492 3758 rex
522 3715 643 3778 regum
674 3703 711 3760 et
747 3696 907 3761 dominus
941 3697 1204 3775 dominantium,
1237 3718 1316 3762 cum
1348 3701 1380 3764 ei

464 3894 672 3962 walamirum]
702 3898 822 3948 Baldwin
844 3899 894 3950 1v.
921 3905 987 3950 1168
1003 3900 1100 3961 Patrio,
1119 3899 1173 3948 earl
1192 3898 1222 3947 oi
1240 3900 1384 3964 saliebat-y,

429 3967 553 4030 Compare
571 3968 693 4018 Bernard.
708 3967 893 4018 'thesaurarius
919 3971 968 4018 and
983 3969 1034 4017 bad
1050 3970 1114 4017 been
1131 3969 1255 4018 banisbed
1272 3971 1383 4021 Poitiers

428 4037 455 4085 in
478 4036 602 4087 Murator.
621 4038 680 4088 Rer.
703 4037 763 4089 Ital.
789 4038 891 4101 Scriptt.
917 4039 951 4100 by
970 4039 1060 4099 Henry
1079 4038 1118 4088 11.
1141 4039 1168 4087 in
1194 4053 1382 4103 consequence;

428 4107 473 4156 vii.
484 4107 532 4156 col.
543 4110 601 4155 ⁷81.
918 4108 1050 4170 Horeden,
1061 4122 1088 4168 p.
1100 4112 1157 4158 ⁵14.

462 4172 811 4240 'Gnidouemdebt'zr‘atucoJ
829 4177 890 4237 Guy
951 4173 1125 4245 ³Cuatigit.]
1160 4177 1285 4240 Compare
1311 4181 1382 4230 will.

426 4244 459 4294 de
482 4245 628 4307 Lusignam
652 4246 684 4294 be
707 4246 758 4294 bad
780 4247 845 4296 stain
863 4247 889 4294 in
915 4247 975 4308 Tyr.
987 4263 1013 4308 p.
1027 4251 1174 4311 manuue.
