3178 5194
471 540 610 590 enonas
632 543 902 594 nrsronmauu.
1097 534 1163 598 439

209 698 308 762 salvo
328 699 419 781 patri
442 706 639 765 tenemento
660 701 825 783 quamdiu
845 703 980 768 viveret
1002 711 1038 767 et
1062 706 1162 772 salva
1174 722 1229 763 en·
1241 725 1297 764 11⁸⁹.

209 797 277 860 fide
293 816 398 879 quam
411 800 504 881 patri
521 800 680 864 debebat.
733 801 858 883 Sicque
873 801 971 867 linito
987 803 1160 887 colloquio

209 915 309 977 reges
326 903 361 960 et
377 903 453 961 tota
466 898 652 962 multitudo
669 901 822 964 recessit.

216 1067 258 1131 Ut
272 1089 327 1132 rec
341 1069 541 1134 Francorum
553 1078 687 1154 quotuor
703 1071 830 1137 costalda
845 1071 925 1158 repis
939 1073 1064 1158 Acylla
1081 1074 1160 1158 oepit

344 1169 502 1252 pemque
517 1191 538 1232 a
556 1169 779 1234 Ooaomarmioo
795 1169 1016 1256 ardosapooit.

290 1292 370 1356 Rex
402 1294 617 1359 Francorum
648 1314 726 1358 cum
755 1296 881 1358 comite
914 1293 1092 1358 Richardo
1121 1295 1158 1359 in
1170 1316 1247 1356 rma
1255 1317 1279 1356 a

209 1390 301 1455 hunc
326 1391 464 1455 modum
492 1394 654 1458 recedens
685 1394 777 1476 cepit
803 1393 1158 1458 Feritatem-Bemar-
1171 1367 1301 1416 ⁸⁰¹mmdy'

208 1490 256 1566 di,
279 1491 592 1570 Montem·sortem,
613 1487 862 1574 ¹Baalverque,
891 1493 1037 1556 castella
1064 1493 1157 1574 regis

209 1588 362 1670 Angliae,
387 1599 423 1655 et
447 1599 528 1673 post
555 1592 749 1674 captionem
776 1591 872 1654 illam
896 1610 1029 1653 moram
1052 1592 1157 1654 trium

208 1688 339 1752 dierum
361 1688 443 1754 fecit
460 1690 597 1754 ibidem.
649 1689 784 1754 Deinde
808 1688 1078 1752 Cenomanniam
1100 1709 1157 1754 ve-

209 1787 319 1863 niens,
352 1789 555 1871 fingensque
585 1809 622 1852 se
654 1789 805 1852 Turonis
829 1788 971 1865 iturum,
996 1790 1156 1871 proximo

209 1885 265 1949 die
284 1887 413 1976 Lunae,
444 1908 522 1951 cum
553 1907 616 1951 rex
639 1887 780 1969 Angliae
812 1892 847 1950 ct
877 1888 930 1949 sui
959 1886 1158 1951 viderentur

210 1984 335 2049 ibidem
364 2005 439 2050 esse
470 1989 594 2061 securi,
621 2007 685 2050 rex
712 1987 924 2050 Francorum
951 1986 1043 2049 acies
1073 2005 1155 2049 suas

208 2084 379 2167 disposuit
419 2086 457 2148 in
491 2088 669 2150 civitatem
702 2084 947 2150 cenomanniae
987 2083 1155 2147 insultum

207 2183 386 2264 facturus3
413 2184 505 2267 quod
523 2185 641 2250 videns
663 2185 861 2267 Stephanus
883 2176 944 2246 ²de
962 2181 1156 2259 Turnham,

208 2289 292 2346 tunc
317 2281 531 2364 Andegaviae
559 2284 651 2364 regis
676 2283 871 2365 Anglorum
909 2281 1155 2358 seneschallus,

209 2381 245 2443 in
272 2382 437 2462 suburbio
463 2383 579 2464 ignem
606 2383 766 2467 conjecit,
789 2381 850 2445 sed
874 2381 966 2461 ignis
989 2399 1155 2444 accensus

209 2500 325 2545 muros
352 2483 599 2546 transcendens
621 2481 692 2544 sere
715 2482 892 2546 civitatem
915 2485 1024 2542 totam
1046 2479 1083 2541 in
1105 2478 1157 2541 sa·

206 2577 325 2643 villam
356 2581 497 2662 redegit.
562 2580 643 2644 Hoc
676 2581 803 2644 Franci
831 2584 1078 2659 cognoscentes
1111 2579 1155 2640 ad

208 2678 380 2758 quendam
426 2687 566 2761 pontem
602 2679 777 2762 lapideum
816 2683 1059 2760 pervenerunt,
1098 2677 1157 2739 ubi

210 2774 401 2841 Gaufridus
423 2779 466 2841 de
482 2779 629 2843 Bruilun
654 2786 689 2842 et
711 2778 811 2842 multi
833 2797 911 2841 cum
932 2795 973 2839 eo
994 2794 1039 2838 ex
1055 2782 1155 2857 parte

202 2874 302 2953 regis
315 2872 457 2955 Angliae
480 2878 530 2938 eis
552 2885 775 2940 occurrerunt
796 2883 936 2956 pontem
960 2874 1154 2955 dirumpere

200 2972 398 3049 cupientes,
421 2973 582 3055 factoque
610 2974 657 3036 ibi
680 2974 842 3038 conflictu
867 2974 1032 3048 maximo,
1054 2972 1154 3036 multi

208 3066 286 3128 hinc
319 3073 354 3128 et
386 3068 466 3130 inde
499 3070 616 3149 gladio
645 3080 860 3136 corruerunt.
918 3071 962 3134 In
997 3071 1062 3134 hoc
1092 3090 1155 3134 au-

208 3171 278 3227 tem
310 3164 474 3228 conflictu
502 3181 626 3249 captus
656 3176 710 3232 est
737 3169 928 3234 Gaufridus
955 3169 1155 3250 praedictuS,

208 3257 264 3324 in³
287 3264 421 3327 cervice
439 3265 654 3342 vulneratus,
673 3287 751 3330 cum
771 3268 849 3331 aliis
872 3267 1009 3344 multis;
1037 3269 1154 3330 caeteri

209 3366 323 3424 autem
344 3362 500 3427 volentes
524 3365 559 3428 in
585 3365 762 3430 civitatem
783 3366 916 3448 sugere,
935 3364 1061 3427 Franci
1084 3384 1156 3428 una

208 3478 286 3522 cnm
311 3459 380 3522 illis
408 3461 557 3544 ingressi
580 3472 662 3528 sunt
689 3466 888 3542 civitatem3
916 3462 1008 3544 quod
1033 3462 1154 3526 videns

208 3577 273 3620 rex
294 3555 503 3640 Anglorum,
528 3562 571 3626 de
594 3583 632 3626 se
660 3563 859 3646 desperans,
883 3581 961 3625 cum
988 3561 1155 3625 militibus

208 3655 439 3738 septingentis
465 3659 613 3743 aufugit.
666 3663 746 3726 Rex
767 3681 851 3727 vero
882 3661 1095 3724 Francorum
1120 3669 1155 3725 et

209 3754 418 3834 Richardus,
449 3778 564 3824 comes
595 3761 833 3837 Pictavorum,
864 3780 927 3842 per
960 3760 1030 3823 tria
1058 3759 1156 3822 illum

207 3853 369 3919 milliaria
395 3855 543 3922 insecuti
568 3866 670 3939 sunt3
693 3867 729 3923 et
751 3860 817 3922 nisi
831 3858 972 3934 vadum,
987 3878 1049 3940 per
1064 3859 1156 3940 quod

207 3954 391 4017 transitum
421 3955 590 4035 fecerunt,
624 3958 731 4022 altum
755 3965 847 4021 esset
879 3963 915 4020 et
940 3958 1155 4034 immensum,

224 4149 433 4240 ‘¹Buuluerpue]
452 4154 572 4216 ‘Belum’
589 4155 666 4204 Bene·
729 4152 787 4204 'De
797 4149 943 4220 namura]
970 4147 1158 4234 ‘lle'luronia’

204 4220 668 4286 drct.;‘Baalu1n‚Dioeto;‘Balim‚'
696 4225 819 4274 Hoveden
835 4224 885 4273 and
902 4223 1035 4272 Benedrot.
1051 4221 1149 4270 Abbas.

206 4289 338 4340 Hoveden.
729 4291 777 4342 ’Ia
787 4293 899 4355 ceruice]
916 4295 925 4321 ‘
932 4293 963 4341 ln
971 4286 1059 4352 crure‚'
1071 4290 1133 4339 ibid.
