3178 5194
465 533 540 599 ³60·
726 550 861 597 uocum
885 550 932 596 nn
956 549 1162 598 wunnovna

310 734 433 779 nonna
470 706 683 791 procederet,
706 706 766 770 sed
795 706 839 770 ad
861 725 959 770 suam
990 707 1170 772 ecclesiam
1194 705 1341 786 rediret;
1364 707 1425 789 qui

472 807 632 872 (lantiam
658 811 834 937 rleverten‘s
860 806 909 871 ibi
933 806 1105 889 disposuit
1129 806 1204 871 dies
1233 804 1426 871 Natalitios

473 907 658 971 celebrare.

529 1079 579 1142 De
586 1077 730 1164 passim
741 1076 877 1162 pluriora
891 1073 973 1140 beuti
991 1073 1120 1152 Tlomae,
1138 1074 1372 1140 Ocatucrieneis

835 1174 1066 1260 archiepiscopi.

315 1327 439 1368 annm.
527 1299 632 1368 Anno
652 1298 793 1364 Domini
817 1313 976 1361 ucnxxr.
1000 1298 1123 1361 beatus
1147 1294 1313 1374 Thomas,
1336 1297 1429 1363 Can.

316 1378 437 1468 {gibid
477 1398 663 1465 tuariensi's
697 1397 989 1480 archiepiscopus
1022 1414 1214 1459 sermonem
1245 1395 1429 1462 habiturus

478 1499 520 1563 ad
554 1498 720 1581 populum
747 1497 783 1559 in
811 1496 868 1559 die
897 1494 1090 1559 Dominicae
1123 1495 1317 1559 nativitatis
1347 1497 1427 1579 pul·

476 1598 586 1680 pitum
606 1594 772 1672 ascendit,
788 1602 836 1671 et,
853 1587 1030 1659 ²sermone
1047 1594 1231 1676 completo,
1249 1593 1427 1676 Nigellum

477 1697 520 1760 de
541 1694 750 1770 Sackevilla,
771 1692 926 1758 ecclesiae
948 1693 990 1758 de
1012 1693 1151 1774 Herges
1165 1693 1353 1757 violentum
1369 1694 1425 1758 in-

478 1795 689 1871 cubatorem,
719 1800 755 1857 et
781 1792 935 1877 ejusdem
961 1791 1126 1857 vicarium
1157 1792 1324 1868 ecclesiae,
1354 1792 1428 1857 Ro-

477 1895 612 1958 bertum
631 1911 768 1975 quoque
785 1892 828 1955 de
849 1892 953 1970 Broc,
971 1891 1030 1973 qui
1048 1909 1173 1972 equum
1188 1890 1360 1972 quendam
1377 1892 1431 1975 ip«

479 1993 552 2057 sius
581 1990 829 2074 archiepiscopi
860 1990 1026 2055 victualia
1054 1988 1264 2053 deferentem
1292 1990 1337 2054 ad
1367 1991 1428 2056 de-

478 2092 584 2155 decus
610 2098 646 2155 et
666 2091 890 2172 ignominiam
916 2089 991 2173 ejus
1019 2088 1274 2166 decurtaverat,
1303 2089 1429 2154 solem-

479 2191 569 2254 niter
584 2188 908 2254 excommunicavit.
949 2187 1085 2267 Quibus
1099 2189 1150 2252 ita
1169 2188 1289 2270 gestis,
1305 2189 1428 2270 quinto

479 2289 535 2353 die
558 2288 754 2353 Dominicae
777 2287 984 2363 nativitatis,
1002 2287 1095 2349 circa
1116 2286 1237 2350 horam
1260 2289 1428 2370 vesperti-

479 2406 572 2465 nam,
585 2407 663 2452 cum
680 2386 959 2468 archiepiscopus
974 2404 1051 2450 cum
1067 2385 1200 2450 clericis
1213 2386 1286 2449 suis
1303 2387 1339 2450 in
1350 2386 1429 2450 tha·

481 2486 573 2551 lamo
596 2486 774 2562 resideret,
791 2484 988 2549 Willelmus
1010 2483 1053 2547 de
1073 2483 1187 2560 Traci,
1210 2483 1427 2566 Reginaldus

480 2584 572 2647 iilius
594 2584 689 2660 Ursi,
707 2584 816 2665 Hugo
835 2583 879 2647 de
902 2581 1067 2647 Morvilla
1085 2589 1121 2645 et
1137 2582 1334 2647 Richardus
1349 2585 1429 2648 Bri-

481 2691 529 2760 to,
550 2683 593 2747 de
620 2682 839 2747 Normannia
853 2683 1049 2758 venientes,
1070 2688 1237 2763 tanquam
1259 2682 1350 2747 furia
1377 2684 1434 2747 in-·

476 2781 562 2867 jecti
583 2781 698 2847 subito
719 2782 756 2844 in
777 2780 968 2844 thalamum
991 2781 1199 2862 irruperunt,
1224 2781 1435 2846 denuntian-

481 2886 534 2943 tes
552 2873 613 2943 ³ex
632 2887 732 2962 parte
750 2880 855 2962 regis,
872 2887 912 2943 ut
928 2879 1108 2962 episcopos
1125 2877 1264 2962 Angliae
1283 2899 1430 2966 suspen·

481 2996 538 3041 sos
554 2976 665 3042 officio
687 2998 751 3042 suo
767 2979 965 3042 restitueret
981 2985 1017 3042 et
1033 2979 1350 3043 excommunicatos
1369 2981 1429 3044 ab·

481 3075 658 3155 solveret3
689 3078 815 3159 quibus
844 3076 1021 3160 respondit
1045 3077 1336 3160 archiepiscopus,
1359 3099 1427 3144 non

481 3193 557 3239 esse
579 3175 708 3259 judicis
734 3175 904 3240 inferioris
926 3182 966 3239 ut
994 3194 1016 3239 a
1041 3177 1213 3240 sententia
1242 3179 1428 3259 superioris

516 3395 523 3425 ¹
539 3397 693 3459 delebere]
708 3400 783 3448 Paris
794 3399 841 3448 has
852 3400 943 3448 insert·
966 3401 992 3446 to
1002 3398 1023 3446 it
1033 3397 1120 3447 would
1132 3413 1236 3462 appear,
1248 3399 1302 3449 that
1312 3399 1377 3450 aner
1387 3401 1428 3450 his

480 3467 512 3516 ed
528 3466 588 3516 here
604 3482 637 3516 an
654 3473 761 3518 account
777 3467 805 3516 ol
818 3483 851 3517 an
868 3469 942 3516 inter·
966 3480 1064 3516 sermon
1075 3469 1106 3518 he
1124 3469 1197 3518 made
1208 3483 1254 3518 use
1265 3469 1295 3518 oi
1302 3485 1318 3518 a
1328 3470 1392 3520 form
1403 3472 1433 3520 ol

479 3537 546 3585 view
554 3537 669 3586 between
680 3538 778 3587 Becket
789 3537 840 3585 aud
848 3538 942 3599 Simon,
967 3537 1080 3599 Bidding
1091 3539 1197 3602 Prayer,
1208 3539 1293 3588 which
1303 3554 1358 3588 was
1368 3540 1429 3588 then

479 3606 556 3654 abbot
571 3605 600 3654 oi
614 3606 641 3656 S.
655 3601 770 3668 Alban's,
781 3611 809 3654 at
824 3621 841 3654 a
856 3621 943 3654 maner
966 3610 1126 3668 customery;
1150 3607 1182 3656 he
1205 3622 1274 3671 says,
1289 3609 1428 3658 ‘Sermone

479 3675 615 3737 belonging
626 3675 702 3725 totbe
713 3675 943 3737 archbishop,call·
966 3675 1100 3739 completo,
1116 3677 1272 3726 orationibus
1293 3678 1429 3741 consuetis,

480 3744 512 3792 ed
530 3744 636 3807 Hawes,
653 3759 733 3801 seven⁴
745 3745 818 3794 miles
833 3744 897 3794 from
913 3745 940 3795 S.
966 3745 1064 3793 scilicet
1073 3760 1120 3806 pro
1130 3746 1232 3795 domino
1242 3760 1320 3808 pape,
1331 3761 1378 3807 pro
1388 3762 1429 3796 re-

480 3812 597 3862 Alban’s.
967 3828 1008 3874 ge,
1031 3828 1077 3876 pro
1098 3829 1162 3875 pace
1183 3816 1322 3876 populique
1344 3817 1428 3865 salute

514 3877 647 3930 ’Smooae
666 3882 817 3945 completa]
846 3883 878 3931 In
898 3881 941 3930 the
966 3881 1030 3931 lusis
1042 3883 1074 3932 ad
1086 3883 1223 3932 Dominum
1232 3884 1249 3944 ς’
1261 3890 1311 3934 etc.

481 3951 655 4013 Quadrilogus
666 3951 719 4000 itis
731 3952 787 4000 said
799 3952 854 4000 that
864 3951 941 4001 atthe
1000 3948 1066 4001 Ἐκ
1081 3957 1151 4016 purte
1166 3947 1262 4020 regia]
1280 3955 1330 4003 For
1346 3968 1363 4002 a
1381 3954 1431 4004 lull

480 4019 530 4068 end
546 4019 576 4067 oi
588 4020 631 4069 the
648 4034 746 4070 sermon
761 4021 794 4070 he
810 4020 941 4082 predicted
965 4026 1073 4070 account
1083 4022 1113 4070 oi
1126 4022 1168 4071 the
1184 4023 1295 4083 murder,
1305 4037 1347 4072 see
1360 4023 1431 4074 Qua·

479 4088 535 4137 that
551 4089 593 4137 the
614 4090 674 4138 time
693 4089 722 4138 oi
735 4090 775 4139 his
793 4090 869 4139 death
886 4105 940 4138 was
966 4090 1057 4152 drilog.
1077 4106 1102 4152 p.
1123 4095 1181 4152 121,
1203 4105 1268 4154 seqq.
1274 4109 1284 4150 ,·
1306 4092 1428 4153 Stephan.

480 4156 596 4219 drawing
606 4173 676 4220 near,
687 4159 737 4207 and
748 4159 803 4209 that
813 4159 845 4208 he
854 4159 940 4208 would
966 4163 1007 4221 84,
1018 4175 1081 4222 seqq.
1091 4176 1101 4218 ,¹
1118 4161 1228 4210 Mareu.
1239 4161 1315 4211 Thes.
1330 4162 1429 4212 Anecd.

464 4226 575 4288 ¹shortly
585 4227 657 4277 leave
671 4227 748 4279 them.
776 4229 850 4278 From
863 4229 940 4278 Dice·
965 4228 1003 4278 iii.
1016 4232 1088 4278 11³⁷.
