3104 5186
402 545 543 592 sununs
567 543 838 594 ursrournauu.
1026 527 1091 592 129

131 699 243 764 centis
256 697 524 784 quinquaginta,
537 695 700 784 ¹erripuit
715 704 783 767 iter
798 698 1088 785 Hierosolymita-
1102 713 1225 812 pm

134 821 232 878 uum,
255 803 482 883 sequentihus
502 821 581 864 enm
604 802 691 866 duce
715 801 996 868 Normannorum
1014 803 1087 866 Ro·
1101 813 1250 854 munuca

135 901 234 964 berto
255 908 292 964 et
312 901 495 964 Taucredo
517 920 596 964 cum
618 909 743 984 quater
764 903 890 984 viginti
914 903 1087 984 equitibus

133 1006 171 1062 et
201 1000 357 1082 peditum
388 999 611 1064 multitudine
640 1020 836 1066 numerosa.
898 1001 986 1066 Post
1013 1001 1087 1066 dies

135 1106 252 1162 autem
269 1101 418 1181 aliquot,
431 1100 546 1162 media
557 1101 699 1182 regione
714 1109 927 1178 transcursa,
941 1101 978 1163 in
994 1119 1087 1164 cam-

134 1199 266 1279 pestria
281 1200 391 1274 urbiS,
405 1217 477 1262 non
491 1199 595 1280 longe
610 1217 632 1262 a
646 1201 734 1263 mari
750 1201 839 1277 sitae,
855 1199 982 1264 Archis
1000 1220 1087 1263 nun·

134 1304 285 1378 cupatae,
303 1298 568 1374 descenderunt,
581 1298 689 1381 juxta
713 1299 856 1362 eandem
876 1306 994 1363 castra
1013 1307 1087 1363 sta·

137 1403 286 1461 tuentes.
349 1397 415 1461 Est
441 1405 558 1461 autem
580 1417 651 1461 una
676 1417 721 1462 ex
743 1399 885 1462 urbibus
910 1398 1086 1462 Phoenicis

136 1497 301 1576 regionis,
319 1497 365 1560 ad
382 1496 516 1560 radices
535 1496 659 1560 Libani
677 1499 756 1575 sita,
771 1517 889 1580 qnam,
902 1505 941 1561 ut
957 1498 1087 1562 habent

136 1603 293 1660 veterum
311 1595 529 1672 traditiones,
546 1594 726 1662 Aracheus
748 1598 916 1679 septimus
938 1597 1087 1660 filiorum

136 1695 307 1760 Chanaan
321 1695 486 1759 fundasse
503 1696 642 1772 dicitur,
658 1704 693 1760 et
710 1715 786 1760 eam
808 1696 851 1758 de
866 1713 929 1760 suo
950 1697 1087 1760 nomine

135 1793 334 1859 Aracheum
367 1796 574 1878 appellasse,
605 1803 641 1858 et
669 1795 888 1878 postmodum
917 1815 981 1877 per
1009 1814 1086 1859 cor·

135 1895 332 1976 ruptionem
361 1895 508 1958 nominis
536 1894 664 1958 Archis
692 1895 822 1960 dictam
847 1895 973 1974 fuisse;
997 1894 1087 1960 hanc

136 1994 247 2056 nostri
271 1993 379 2074 longa
405 1994 583 2058 obsidione
610 2003 816 2076 prementes,
839 1994 1086 2058 nihilomnino

136 2091 368 2174 profecerunt.
421 2092 608 2176 Renovata
632 2101 687 2156 est
705 2094 753 2156 ibi
775 2093 923 2176 quaestio
944 2093 988 2156 de
1009 2093 1085 2156 lan-

135 2210 210 2269 cea,
239 2211 312 2274 qua
341 2192 562 2256 Dominicum
587 2192 680 2256 latus
712 2192 826 2256 suerat
851 2193 1085 2274 perforatum

137 2291 215 2354 aliis
235 2287 443 2368 dicentibus,
465 2287 558 2373 quod
575 2291 652 2374 ipsa
670 2299 745 2356 erat
759 2290 795 2354 in
806 2285 957 2356 'veritate
968 2286 1008 2356 'et
1024 2313 1086 2374 per

136 2390 289 2454 divinam
322 2391 583 2472 inspirationem
611 2392 777 2469 revelata,
804 2392 849 2456 ad
876 2383 1086 2456 consolatio-

136 2510 213 2553 nem
230 2490 364 2573 plehis;
389 2489 466 2552 aliis
480 2490 765 2555 contendentibus
789 2491 972 2567 malitiose,
992 2492 1084 2574 quod

135 2591 289 2655 versutia
311 2597 403 2654 esset
418 2590 553 2653 comitis
568 2590 769 2668 Tholosani,
786 2600 821 2654 et
843 2592 958 2672 gratia
970 2610 1085 2672 quaes·

138 2696 193 2752 tus
210 2691 366 2754 inventio
382 2689 475 2754 ficta.
530 2688 689 2753 Accenso
704 2691 812 2772 igitur
828 2709 914 2770 rogo
931 2691 1084 2771 copioso,

131 2789 235 2872 cujus
246 2789 397 2852 incendii
405 2788 609 2870 magnitudo
623 2791 727 2853 etiam
737 2791 1000 2852 circumstantes
1014 2797 1083 2852 ter·-

137 2907 211 2951 rere
232 2895 384 2972 poterat,
401 2897 437 2952 et
461 2889 686 2952 conveniente
714 2889 843 2970 populo
869 2889 1031 2952 universo
1048 2889 1083 2952 in

141 2996 239 3051 sexta
264 2987 351 3050 feria
375 3006 454 3069 quae
481 2985 641 3051 sanctum
660 2989 801 3053 Domini
831 2987 970 3050 Pascha
996 3006 1085 3070 prue-

141 3088 240 3163 oedit,
269 3087 414 3150 clericus
446 3085 599 3169 quidam,
625 3088 762 3150 nomine
786 3087 924 3163 PetruS,
950 3088 1006 3150 cui
1033 3087 1085 3150 in-

136 3187 254 3250 ·yentio
271 3186 366 3249 illius
381 3186 512 3250 lanceae
523 3185 637 3250 fuerat
656 3186 823 3263 revelata,
837 3205 984 3251 examen
1000 3188 1084 3250 sub·

144 3284 182 3348 iit
203 3286 454 3368 periculosum3
483 3304 563 3348 nam
595 3285 688 3350 facta
714 3287 883 3361 oratioue,
907 3292 1085 3367 assumpta

139 3403 253 3448 seeum
283 3385 414 3460 lancea,
441 3403 504 3466 per
534 3385 682 3449 medium
713 3385 828 3466 ignem
856 3385 1018 3448 transivit
1044 3384 1085 3446 il-

142 3482 254 3562 laesus,
294 3485 369 3561 sed,
404 3485 570 3566 quoniam
605 3493 686 3566 post
720 3485 794 3547 dies
833 3502 963 3566 paucos
994 3484 1085 3547 idem

143 3582 282 3647 clericus
311 3584 385 3648 vita
415 3584 575 3661 decessit,
610 3604 680 3648 non
714 3584 817 3666 plene
851 3584 922 3646 suis
951 3583 1085 3647 aemulis

143 3683 316 3748 satisfecit.
369 3681 438 3746 Per
461 3682 552 3746 idem
573 3691 711 3767 tempus
733 3682 805 3746 dux
824 3681 1032 3746 Godefridus
1051 3692 1087 3747 et

143 3781 395 3864 principes'alii,
412 3782 472 3864 qui
489 3783 581 3863 apud
595 3782 817 3847 Antiochiam
837 3791 1086 3860 remanserant,

145 3879 186 3942 ad
208 3881 407 3944 instantiam
430 3881 541 3964 plebis
561 3901 599 3945 se
623 3883 667 3946 ad
689 3884 756 3947 iter
777 3881 1013 3964 expedientes
1033 3876 1087 3945 ²in

177 4085 308 4152 'Arripuit
319 4089 389 4153 iton]
401 4089 448 4138 See
461 4090 504 4138 the
516 4095 598 4152 great·
625 4090 689 4139 from
704 4090 805 4152 Aleppo
821 4094 848 4138 to
871 4089 1026 4150 Jerusalem,
1042 4105 1087 4152 pp.

145 4172 170 4206 cr
179 4163 235 4220 part
244 4159 272 4208 oi
280 4159 322 4208 the
339 4160 425 4208 march
435 4159 465 4209 oi
472 4161 515 4208 the
528 4175 598 4220 army
627 4163 701 4208 17-67
704 4196 710 4209 .

145 4227 170 4276 of
177 4228 218 4276 the
230 4229 370 4277 Crusaders
381 4244 441 4290 very
453 4231 598 4292 accurately
660 4226 712 4278 'Io
724 4228 834 4278 kalonis
850 4226 975 4290 Martia]
996 4226 1030 4275 So
1041 4225 1089 4276 Al·

145 4297 225 4346 traeed
248 4298 275 4345 in
302 4293 469 4349 Moundrell’s
484 4298 598 4364 Journey
625 4299 680 4348 bert
691 4299 796 4360 ofAi13
811 4299 861 4348 and
871 4296 1018 4362 Wilken,p.
1030 4301 1089 4370 253.

192 4388 270 4435 voh.
289 4389 328 4437 ll.
914 4387 938 4433 K
1048 4418 1055 4426 -
