3104 5186
449 535 493 600 86
706 550 837 597 00011111
862 550 909 596 nn
932 549 1139 596 warnovnn

289 723 413 814 33331022
451 716 510 784 tae,
534 726 603 771 non
628 706 699 770 tela
722 707 847 787 ignita,
870 725 940 769 non
965 705 1097 787 lapides
1118 711 1179 768 aut
1200 702 1307 785 ligna,
1333 722 1408 767 non

288 785 440 868 00011ιῖ10.
452 808 556 883 vires,
573 825 642 869 uon
658 825 767 882 arma,
780 825 851 868 non
868 805 1013 867 missilia
1028 811 1265 885 augmentata.
1301 803 1406 866 Tunc

367 955 368 960 η
453 908 546 972 cives
569 906 614 970 ad
636 905 844 970 deditionem
869 903 1038 986 compulsi
1060 904 1324 985 resignaverunt
1347 923 1408 965 ur-

452 1009 530 1071 bem
554 999 703 1070 ¹Tacino
726 1004 862 1068 cuidam
884 1003 1102 1086 imperatoris
1124 1003 1295 1080 ministro,
1311 1002 1407 1085 quod

454 1105 582 1170 nostris
604 1105 817 1188 principibus
837 1102 882 1166 ad
902 1103 1037 1186 majora
1061 1103 1327 1185 properantibus
1347 1121 1407 1165 sa·

454 1207 500 1271 tis
516 1205 660 1288 placuit,
678 1204 785 1288 juxta
802 1202 895 1285 quod
910 1202 1024 1266 suerat
1042 1200 1243 1284 imperatori
1265 1221 1406 1265 conces·

454 1325 561 1384 sum;
595 1309 799 1387 receperunt
825 1308 941 1367 autem
967 1301 1139 1384 peregrini
1161 1301 1298 1365 sclavos
1321 1319 1407 1365 suos

454 1423 586 1480 omneS,
608 1411 683 1468 tum
705 1403 797 1479 illos,
818 1403 878 1484 qui
900 1403 937 1465 in
957 1399 1135 1465 obsidione
1151 1401 1244 1483 capti
1266 1408 1369 1464 erant
1385 1419 1408 1464 a

455 1503 601 1580 civibuS,
621 1511 694 1567 tum
712 1502 804 1578 illos,
827 1501 888 1584 qui
910 1500 953 1564 de
974 1500 1128 1564 exercitu
1151 1499 1248 1564 Petri
1270 1519 1292 1564 a
1311 1500 1404 1564 Soli-

455 1621 583 1667 manno
611 1602 704 1684 capti
732 1602 881 1678 inerant,
909 1607 949 1663 ut
971 1601 1129 1682 superius
1159 1606 1214 1663 est
1243 1599 1405 1664 relatum.

456 1701 638 1783 Principes
669 1701 776 1783 igitur
797 1693 955 1764 ²nuntios
982 1700 1025 1763 ad
1054 1699 1296 1782 imperatorem
1322 1699 1408 1763 diri-

457 1809 579 1883 gentes
596 1801 726 1865 hortati
743 1807 825 1864 sunt
839 1799 1040 1875 instantius,
1055 1806 1095 1862 ut
1119 1799 1163 1863 ad
1185 1806 1301 1881 partes
1325 1798 1408 1863 illas

457 1908 510 1966 tot
535 1902 578 1964 de
606 1901 678 1964 suis
705 1899 916 1984 principibus
941 1897 1059 1962 mittat
1082 1899 1143 1981 qui
1166 1895 1338 1961 sufficiant
1361 1899 1407 1961 ad

457 2000 650 2064 custodiam
663 2000 828 2064 civitatis
866 1997 917 2063 At
931 1993 1119 2082 imperator
1134 1997 1352 2061 laetabundus
1372 2006 1409 2062 et

457 2100 614 2183 gaudens
642 2120 688 2164 ex
713 2099 940 2164 familiaribus
969 2099 1042 2162 suis
1066 2098 1232 2179 quosdam
1264 2097 1408 2175 direxit,

458 2202 518 2283 qui
550 2202 670 2264 urbem
696 2220 775 2263 cum
799 2199 894 2280 omni
916 2197 1132 2281 captivorum
1154 2198 1350 2261 substantia
1372 2197 1410 2260 in

460 2320 545 2364 auro
568 2308 603 2364 et
626 2306 771 2381 argento
786 2306 822 2362 et
838 2299 931 2362 omni
951 2317 1077 2379 genere
1093 2297 1316 2380 supellectilis
1332 2316 1411 2360 sus-

459 2400 626 2482 ciperent,
647 2418 710 2479 per
724 2417 812 2480 quos
837 2397 1110 2484 etiamvsingulis
1132 2397 1323 2478 peregrinis
1346 2396 1410 2459 do-

460 2499 559 2561 naria
590 2497 830 2560 transmittens
860 2496 1029 2579 ingentia,
1058 2504 1131 2560 tam
1161 2495 1270 2559 literis
1302 2515 1409 2578 quam

460 2598 542 2661 viva
568 2617 654 2661 voce
680 2597 956 2660 benevolentiam
986 2595 1203 2677 singulorum
1231 2596 1410 2677 captabat,

303 2747 307 2759 .
368 2723 370 2726 ·
461 2704 497 2760 et
506 2699 581 2780 'pro‘
596 2703 666 2759 tam
681 2696 854 2760 laborioso
872 2695 1017 2759 servitio
1034 2702 1069 2759 et
1085 2694 1221 2776 imperii
1238 2695 1294 2758 sni
1308 2701 1410 2759 tanto

461 2796 673 2859 incremento
699 2795 831 2876 gratias
856 2795 961 2858 refert
985 2795 1157 2877 copiosas.
1214 2793 1328 2876 Capta
1356 2803 1413 2859 est

462 2902 578 2959 autem
600 2896 683 2958 urbs
708 2893 831 2958 Nicaea
855 2914 946 2958 anno
972 2894 1115 2958 Domini
1136 2894 1320 2957 millesimo
1346 2914 1410 2957 no·

462 2995 641 3075 nagesimo
670 2994 829 3077 septimo,
856 2989 986 3058 ³mense
1017 2993 1126 3069 Julio,
1150 2993 1319 3075 vigesimo
1354 2993 1411 3058 dic

461 3113 601 3157 mensrs.

461 3266 511 3328 De
519 3266 731 3351 progressione
747 3288 835 3331 cruce
856 3268 1047 3352 signatorum
1067 3274 1095 3330 et
1109 3265 1259 3330 damnosa
1275 3267 1410 3332 victorio

833 3401 836 3408 =
847 3368 1018 3431 eorumdem.

511 3489 635 3554 Soluta
655 3491 763 3573 igitur
778 3492 967 3569 obsidione,
984 3493 1109 3556 iterum
1132 3493 1297 3556 mandato
1318 3493 1412 3575 prin·

460 3587 576 3670 cipum
594 3591 928 3673 crucesignatorum
947 3592 990 3655 ad
1013 3591 1299 3674 proficiscendum
1320 3593 1412 3657 invi-

460 3695 555 3752 tatur
578 3690 763 3768 exercitae,
780 3698 815 3755 et
837 3692 1036 3773 compositis
1058 3693 1204 3755 sarcinis
1227 3693 1329 3757 tertio
1347 3692 1410 3756 ka-

459 3787 580 3852 lendas
607 3788 695 3852 Julii
726 3790 793 3854 iter
816 3791 974 3874 arripuit,
1001 3798 1036 3855 et
1067 3797 1208 3874 pontem
1239 3792 1411 3875 quendam

498 4029 506 4062 ¹
521 4033 632 4096 Tacina]
653 4034 696 4082 He
713 4035 735 4082 11
752 4033 835 4084 called
845 4033 922 4084 Tani·
982 4030 1184 4104 8Μο1100.1011“0.]
1201 4035 1264 4085 This
1276 4037 1368 4086 should
1380 4040 1411 4088 be

460 4117 510 4152 nus
524 4103 678 4164 byWilliam
689 4104 718 4152 01
725 4105 803 4166 Tyre;
821 4109 913 4167 p.6⁷1.
947 4105 1061 4168 ‘Junio,’
1083 4107 1220 4168 according
1242 4112 1268 4156 to
1290 4108 1362 4158 Will.
1386 4109 1415 4157 01

497 4169 856 4239 2Ν101110101110111010101001.]
869 4175 923 4224 The
946 4174 1013 4237 Tyre
1025 4177 1076 4226 and
1087 4176 1129 4225 the
1140 4181 1199 4226 rest.
1236 4177 1356 4239 secabo,
1368 4179 1412 4227 be-

461 4254 576 4302 message
588 4255 647 4304 may
656 4245 689 4291 be
700 4244 779 4293 found
790 4250 817 4294 at
827 4245 924 4309 length,
947 4247 1010 4308 low,
1031 4246 1074 4295 the
1096 4247 1155 4296 date
1174 4246 1203 4295 01
1222 4247 1264 4296 the
1287 4249 1365 4298 battle
1385 4248 1415 4297 01

461 4312 533 4360 Will.
544 4312 642 4383 Tyrrp.
654 4317 711 4363 672.
741 4321 744 4326 '
948 4316 1114 4379 Dorylaum
1132 4333 1159 4379 p.
1172 4321 1214 4379 89,
1224 4318 1243 4367 l.
1257 4322 1279 4368 l.
