3138 5184
304 1025 360 1068 Μ).
371 1028 428 1066 ille.

304 1078 432 1117 bitterense·

303 1123 398 1166 betrr'een

304 1177 391 1226 Eugene
399 1176 441 1214 111.

303 1227 348 1314 &old
358 1225 421 1280 bouis

465 545 530 610 238
718 557 852 604 uocum
877 556 924 603 nn
947 553 1154 604 wunnovnn

500 785 549 848 De
564 781 723 848 discordia
739 792 807 846 orto
822 782 904 846 inter
913 803 1036 866 popum
1051 779 1226 868 Eugenium
1240 792 1268 846 et
1285 805 1384 868 regem

842 881 1052 944 Francorum.

519 1005 649 1070 Eodem
672 1023 763 1069 anno
786 1022 879 1085 papa
902 1003 1080 1084 Eugenius
1102 1003 1258 1067 Parisios
1272 1005 1416 1069 veniens

468 1105 684 1170 consecravit
704 1103 847 1168 Petrum
871 1103 1054 1182 quendam,
1072 1102 1237 1167 Aimerici
1259 1102 1417 1166 ecclesiae

469 1206 638 1270 Romanae
655 1200 853 1267 cancellarii
872 1209 1042 1283 nepotem,
1064 1201 1100 1265 in
1118 1201 1415 1284 archiepiscopum

469 1303 720 1368 Bituricensem
750 1307 871 1365 contra
896 1300 1084 1376 Lodowioi,
1117 1302 1208 1381 regis
1243 1301 1416 1376 Francia,

467 1403 694 1468 voluntatem.
747 1399 850 1477 Quod
873 1418 935 1462 rex
960 1400 996 1463 in
1020 1399 1183 1483 injuriam
1209 1419 1282 1463 suae
1302 1400 1418 1481 digni-

470 1502 551 1566 tatis
581 1501 712 1564 factum
727 1557 729 1561 .
746 1498 968 1562 vehementer
998 1499 1196 1580 indignans,
1225 1500 1417 1582 propositis

466 1600 603 1683 publice
624 1597 855 1663 sacrosanctis
878 1596 1045 1678 reliquiis,
1065 1599 1304 1680 inpraesentia
1328 1598 1420 1661 mul-

465 1706 579 1762 torum
612 1697 758 1782 juravit,
792 1695 885 1779 quod
916 1696 1194 1779 archiepiscopus
1235 1697 1418 1780 praefatae,

466 1797 632 1879 quamdiu
653 1797 728 1879 ipse
753 1796 899 1872 viveret,
922 1796 1099 1860 civitatem
1126 1795 1318 1860 Bituricam
1343 1815 1417 1860 non

465 1898 621 1960 intraret.
674 1895 731 1959 Sic
753 1914 815 1977 per
836 1894 1021 1958 triennium
1043 1894 1136 1976 regis
1161 1913 1310 1976 persona
1333 1897 1418 1958 sub·

461 1995 576 2079 jacuit
596 1995 803 2072 interdict03
831 1993 869 2056 in
888 2013 1129 2076 quamcunque
1155 1994 1344 2069 civitatem,
1362 1995 1417 2058 vi-

467 2115 546 2159 cum
562 2094 619 2158 vel
636 2093 816 2158 castellnm
838 2093 1004 2170 intrabat,
1024 2092 1300 2175 suspendebatur
1323 2093 1417 2156 cele-

466 2194 580 2258 bratio
611 2193 816 2258 divinorum.
871 2191 1025 2254 Tandem
1052 2185 1262 2268 ¹Bernardo,
1288 2192 1418 2255 abbate

467 2293 742 2368 claraevallensi,
763 2291 992 2374 persuadente
1013 2291 1057 2353 ad
1077 2291 1154 2367 hoc,
1172 2298 1226 2355 est
1240 2310 1300 2355 cor
1321 2292 1418 2372 regis

466 2392 682 2468 inclinatum,
710 2397 749 2455 ut
774 2389 1067 2473 archiepiscopum
1090 2391 1270 2472 reciperet,
1293 2397 1329 2453 et
1349 2409 1417 2470 pro

467 2491 742 2572 transgressione
775 2489 918 2573 perjurii
954 2488 1234 2572 Hierosolymam
1266 2509 1303 2552 se
1334 2509 1419 2571 pro-

466 2589 619 2653 mitteret
635 2589 881 2671 proiecturum.
932 2587 1048 2669 Igitur
1062 2608 1124 2670 per
1140 2596 1250 2652 totam
1261 2586 1419 2651 Galliam

467 2689 507 2752 lit
537 2689 674 2752 exactio
697 2687 881 2768 generalis,
907 2707 971 2750 nec
994 2705 1113 2763 sexus,
1139 2687 1196 2750 vel
1224 2687 1320 2763 ordo,
1352 2695 1419 2750 aut

467 2788 619 2869 dignitas
645 2787 841 2869 quempiam
873 2804 1041 2850 excusare
1070 2787 1185 2869 potuit
1207 2787 1291 2868 quin
1314 2787 1420 2849 auxi-

466 2887 550 2950 lium
583 2887 659 2967 regi
684 2885 875 2964 conferret3
909 2885 1000 2948 unde
1026 2885 1157 2949 sactum
1181 2892 1246 2962 est,
1270 2893 1310 2949 ut
1338 2885 1417 2968 ejus

466 2984 699 3067 peregrinatio
736 2984 854 3049 multis
892 2984 1195 3067 imprecationibus
1229 3003 1419 3067 perseque-¹

403 3111 411 3124 ·
466 3089 573 3161 retur,
587 3085 678 3149 sicut
692 3103 840 3166 sequens
856 3083 979 3147 relatio
997 3083 1197 3148 declarabit.

491 3279 580 3360 Quod
593 3281 755 3366 Eugenins
761 3301 853 3365 popa
865 3280 971 3344 Remis
985 3279 1149 3344 concilium
1164 3276 1324 3342 celebrauit
1331 3298 1397 3360 pro

761 3380 876 3463 ampetio
893 3387 981 3442 terre
994 3387 1113 3442 sancta.

482 3505 484 3508 ’
518 3504 650 3567 Eodem
665 3510 831 3586 tempore,
851 3504 887 3564 in
903 3502 1033 3585 majore
1051 3502 1209 3578 Letania,
1227 3521 1305 3564 cum
1322 3519 1420 3583 papa

469 3601 647 3684 Eugenius
686 3602 779 3685 apud
818 3609 974 3665 sanctam
1011 3600 1226 3665 Genovefam
1271 3600 1419 3662 solemni

466 3701 590 3765 fuisset
611 3701 829 3784 processione
851 3706 1022 3783 receptus,
1045 3701 1234 3764 servientes
1261 3698 1420 3762 ecclesiae

398 3825 401 3832 ·
466 3798 610 3863 elericos
643 3800 773 3863 domini
808 3819 910 3882 papae
944 3818 986 3862 ac
1015 3799 1191 3862 ministros
1225 3799 1421 3879 fustigare-

466 3905 549 3961 rnnt
564 3905 600 3962 et
620 3898 711 3962 infra
729 3898 878 3980 parietes
897 3899 1052 3962 ecclesiae
1073 3918 1190 3961 eorum
1211 3897 1420 3977 sanguinem

468 3997 687 4076 effuderunt3
726 3997 763 4061 in
793 3997 958 4062 ultionem
991 3998 1099 4079 igitur
1127 3997 1220 4060 illius
1253 4013 1420 4059 excessus

467 4097 691 4160 servientium
710 4096 864 4160 ecclesiae
891 4096 1037 4161 aedificia
1058 4102 1139 4160 sont
1165 4097 1344 4170 subversa,
1369 4102 1421 4172 et,

489 4293 654 4360 ¹Bernordo.]
673 4297 797 4358 Computa
809 4297 849 4345 his
860 4297 955 4361 werke,
966 4297 1007 4346 ed.
1016 4296 1102 4358 Paris,
1110 4299 1184 4356 loeo,
1192 4295 1210 4344 i.
1218 4295 1276 4343 coll.
1284 4298 1406 4345 noenta
