3178 5194
289 723 344 763 Ab.
356 719 411 760 nte.

288 771 374 820 Lepend
382 770 405 810 ol
411 769 432 809 S.

290 821 438 872 Amphibalur.

447 527 513 592 890
704 540 840 590 uocum
864 539 911 587 nu
933 537 1141 587 wnunovaa

450 708 487 765 et
502 718 646 783 sequere
668 719 735 776 me,
757 705 794 763 et
812 697 993 764 ostendam
1010 696 1074 761 tibi
1089 695 1311 780 sepulchrum
1324 713 1403 777 pre-

452 799 550 864 tiosis
580 798 656 882 ejus
685 798 840 881 reliquiis
866 793 1094 879 insignitum!
1144 795 1299 876 Surgens
1321 813 1406 875 ergo

453 899 643 976 Robertus,
665 905 706 962 ut
724 898 788 962 sibi
806 897 1002 974 videbatur,
1019 902 1161 960 secutus
1181 901 1235 960 est
1255 914 1348 971 eum,
1369 900 1407 958 et

453 1016 575 1064 versus
601 997 798 1081 aquilonem
825 996 861 1060 in
891 1003 1003 1061 strata
1035 995 1175 1078 publica
1207 994 1406 1076 gradientes

453 1104 682 1181 perrexerunt
712 1097 854 1179 pariter,
876 1095 985 1160 donec
1012 1094 1057 1158 ad
1084 1093 1264 1177 planitiem
1294 1112 1406 1175 quan·

454 1197 534 1261 dam
559 1197 604 1260 ab
633 1195 776 1279 antiquo
807 1195 988 1272 incultam,
1017 1213 1097 1275 quae
1123 1194 1191 1258 sita
1220 1201 1274 1259 ost
1297 1192 1405 1277 juxta

455 1297 548 1361 viam
570 1295 714 1377 regiam,
734 1301 981 1378 pervenerunt3
1003 1293 1153 1360 habebat
1174 1300 1292 1357 autem
1307 1293 1405 1358 locus

455 1395 515 1460 ille
535 1403 673 1478 gratam
698 1394 889 1478 planitiem,
914 1401 986 1459 tam
1010 1393 1150 1476 pascuis
1172 1410 1277 1474 quam
1304 1391 1405 1456 fessis

455 1495 492 1558 iu
509 1495 568 1558 via
588 1494 783 1558 bominibus
806 1495 850 1558 ad
873 1492 1091 1577 pausandum
1108 1499 1238 1575 aptam,
1255 1492 1292 1556 in
1307 1491 1405 1568 villa,

456 1613 535 1676 quae
560 1592 763 1660 Redbnrnia
784 1600 1016 1676 nuncupatur,
1036 1593 1147 1658 tribus
1169 1591 1274 1656 ferme
1301 1590 1406 1653 milli·

457 1689 574 1757 aribus
602 1711 624 1756 a
651 1699 774 1757 sancto
801 1692 934 1757 distans
958 1689 1109 1756 Albano.
1161 1691 1204 1755 In
1229 1691 1294 1754 bac
1320 1707 1404 1753 sane

456 1790 601 1875 planitie
613 1791 683 1856 duo
700 1791 850 1856 colliculi
864 1791 1074 1869 eminebant,
1091 1791 1150 1874 qui
1166 1790 1303 1856 ‘Colles
1317 1809 1404 1854 vex·

455 1891 604 1956 illorum'
620 1891 835 1968 dicebantur,
852 1890 999 1974 eoquod
1017 1891 1110 1956 circa
1125 1891 1204 1956 illos
1221 1889 1406 1975 populares

456 1992 587 2056 fiebant
601 2009 790 2056 concursus
805 1989 944 2073 quando
960 1991 1110 2074 populus
1127 1991 1239 2055 fidelis
1253 2009 1298 2054 ex
1316 1989 1407 2053 anti·

457 2110 528 2173 qua
549 2091 734 2155 traditione
752 2090 939 2156 solemnem
957 2090 1212 2173 processionem
1226 2089 1404 2154 annuatim

458 2190 612 2256 ecclesiae
637 2191 749 2256 sancti
774 2189 904 2255 Albani
931 2189 1049 2255 debita
1075 2210 1154 2255 cum
1182 2189 1406 2255 veneratione

457 2290 636 2373 persolvit.
685 2289 784 2355 Tunc
807 2297 950 2354 sanctus
975 2289 1177 2356 Albanusa
1198 2289 1258 2354 via
1282 2287 1406 2371 paulu·

459 2390 533 2453 lum
550 2389 750 2468 declinavit,
776 2397 824 2466 et,
847 2390 1064 2473 apprehensa
1084 2408 1191 2454 manu
1202 2389 1282 2467 viri,
1304 2388 1406 2453 duxit

459 2509 538 2552 eum
559 2488 603 2551 ad
626 2509 732 2554 unum
756 2489 798 2554 dc
818 2489 999 2568 colliculis,
1020 2490 1081 2572 qui
1102 2489 1323 2572 sepulchrum
1347 2489 1405 2552 be·

459 2589 509 2651 ati
535 2591 699 2674 martyris
727 2589 938 2654 continebat.
990 2589 1137 2667 Deinde,
1164 2608 1332 2654 converso
1360 2587 1405 2650 ad

459 2707 538 2751 eum
564 2687 678 2766 vultu,
704 2683 824 2766 ‘Hic'
852 2690 978 2772 inquit,
1002 2688 1124 2754 ‘locus
1152 2689 1312 2771 magistri
1338 2686 1406 2750 mei

459 2786 623 2869 reliquias
644 2794 752 2865 tenet,
777 2787 834 2853 hic
864 2789 940 2873 ejus
970 2807 1051 2854 ossa
1080 2789 1233 2870 contegit
1261 2795 1297 2852 et
1322 2805 1405 2852 con-

460 2885 610 2966 servat;’
643 2895 679 2952 et
706 2887 757 2950 sic
782 2886 875 2952 fatus
900 2888 1026 2970 pollice
1051 2889 1117 2953 viri
1144 2896 1270 2954 terram
1295 2886 1406 2951 instar

461 2985 572 3049 crucis
598 2979 764 3070 ¹aperuit,
789 2994 836 3064 et,
863 3007 985 3053 eversa
1007 2988 1149 3071 cespitis
1169 2987 1305 3051 modica
1326 3006 1406 3070 por-

461 3083 568 3162 tione,
582 3086 755 3168 quoddam
772 3087 935 3150 scrinium
947 3087 1129 3165 reseravit,
1145 3107 1191 3152 ex
1207 3107 1278 3170 quo
1291 3087 1407 3171 splen-

461 3183 525 3248 dor
555 3187 681 3251 nimius
712 3187 833 3252 exiens
866 3188 983 3251 orbem
1010 3186 1190 3252 occiduum
1219 3187 1409 3252 illustravit

461 3290 497 3348 et
517 3285 629 3366 primo
653 3285 741 3350 lucis
762 3305 836 3351 suae
859 3285 974 3350 radios
992 3286 1029 3349 in
1049 3286 1168 3351 mundi
1189 3285 1407 3352 latitudinem

461 3384 601 3466 copiose
628 3384 784 3466 diffudit;
821 3403 891 3469 quo
917 3385 1024 3464 facto,
1054 3386 1198 3469 capsula
1220 3387 1409 3452 recluditur

461 3491 498 3548 et
525 3484 593 3548 loci
619 3486 781 3569 planities
808 3487 845 3549 in
871 3493 1001 3550 statum
1028 3487 1211 3568 pristinum
1245 3486 1410 3550 reforma·

365 3575 368 3582 ’
461 3591 531 3647 tur.
575 3583 702 3668 Stupet
723 3585 778 3650 vir
801 3585 872 3664 ille,
899 3593 946 3662 et,
973 3586 1055 3668 quid
1076 3587 1143 3650 sibi
1170 3606 1274 3668 super
1298 3587 1342 3650 iis
1364 3586 1411 3651 sit

462 3683 648 3764 agendum,
674 3705 697 3748 a
720 3693 841 3750 sancto
864 3685 1021 3768 postulat
1045 3685 1207 3766 edoceri3·
1234 3686 1278 3749 ad
1307 3707 1409 3769 quem

461 3783 585 3848 beatus
599 3783 772 3863 Albanae,
785 3784 914 3868 ‘Signa
927 3785 1041 3850 locum
1053 3784 1310 3868 diligenter„ut,
1328 3806 1408 3868 quae

331 3933 334 3940 .
462 3902 539 3947 meo
562 3883 625 3948 tibi
646 3892 728 3949 sunt
749 3885 904 3949 revelata
923 3884 1124 3963 ministerio,
1141 3885 1272 3950 firmius
1294 3885 1411 3951 adbae-

462 3989 563 4045 reant
577 3985 685 4048 menti
701 3991 791 4064 tuae3
813 3985 930 4050 veniet
943 3985 1034 4048 enim
1053 4005 1072 4049 e
1086 3986 1246 4068 proximo
1261 3994 1412 4068 tempus,

462 4082 602 4162 quando
620 4083 695 4148 baec
718 4085 900 4149 instructio
915 4092 976 4148 tua
989 4085 1150 4168 specialis
1163 4086 1317 4166 generali
1331 4106 1411 4169 pro·

461 4180 568 4246 fectui
583 4182 774 4262 militabit;’
796 4191 831 4248 et
847 4185 901 4248 his
916 4183 1030 4261 dictis,
1040 4183 1192 4266 ‘Surgess
1202 4185 1412 4268 inquit,‘ea-

726 4341 871 4408 ¹Aperua't.]
889 4340 1046 4406 ‘Apparuit’
1058 4344 1084 4393 ln
1096 4345 1153 4395 MS.
