3190 5202
298 713 353 754 Ab.
365 717 421 756 1⁰98.

292 2403 381 2442 Aurelm

292 2455 435 2496 consecrated·

459 531 504 593 44
714 545 847 593 noorai
872 545 918 594 nn
940 545 1151 594 wornovna

459 707 583 780 totus;
616 699 685 782 quo
714 703 802 777 viso,
837 701 910 764 dux
945 701 1122 765 Robertos
1153 699 1415 784 expeditionem

460 800 601 876 dimisit,
631 808 666 864 et
692 819 755 863 rex
781 799 979 864 Willelmus
1008 801 1044 864 in
1070 799 1237 882 Angliam
1271 801 1413 866 rediens

460 899 622 963 ecclesias
645 906 679 963 et
702 900 912 962 monasteria
937 899 1044 964 totins
1071 901 1169 982 regni
1196 901 1297 982 gravi
1328 901 1413 965 red-

458 999 631 1080 emptione
653 997 790 1062 afflixit.
843 998 972 1062 Eodem
997 1017 1088 1062 anno
1113 993 1239 1063 ¹abbas
1261 998 1412 1077 PauluS,

458 1098 611 1162 ecclesiae
637 1098 750 1162 sancti
769 1095 907 1174 Albani,
924 1097 1018 1162 iacta
1038 1099 1130 1181 apud
1151 1098 1409 1181 Tynemutham

456 1197 655 1260 visitatione
684 1195 864 1279 pastorali,
888 1195 969 1260 dum
998 1197 1127 1262 rediret
1152 1198 1196 1261 ad
1226 1198 1408 1262 ecclesiam

457 1315 568 1373 suam,
596 1297 633 1358 in
663 1295 748 1360 rilla
779 1314 857 1378 quae
890 1294 1098 1378 [Golewich]
1132 1295 1270 1373 dicitur,
1305 1297 1407 1379 gravi

457 1395 661 1477 aegritudine
688 1393 902 1473 infirmatur3
925 1396 984 1477 qui
1009 1395 1136 1458 ibidem
1158 1395 1249 1459 lecto
1266 1395 1407 1460 decum-

457 1494 552 1570 bens,
575 1493 809 1558 invalescente
843 1494 1060 1575 aegritudine,
1086 1495 1190 1558 tertio
1222 1495 1300 1558 idus
1329 1494 1407 1560 No·

457 1595 605 1656 vembris
632 1593 723 1656 diem
751 1592 878 1656 clausit
900 1599 1122 1672 extremum3
1157 1593 1247 1656 unde
1278 1613 1406 1676 corpus

457 1691 533 1774 ejus
557 1693 649 1774 apud
665 1699 822 1755 sanctum
838 1691 1013 1756 Albanum
1028 1691 1194 1770 delatum,
1211 1692 1337 1756 ibidem
1352 1699 1407 1757 est

456 1789 642 1855 honorifice
659 1791 879 1854 tumulatum.
931 1791 1115 1856 Remansit
1126 1798 1242 1855 autem
1259 1790 1407 1856 ecclesia

456 1891 569 1952 sancti
595 1887 724 1952 Albani
754 1889 791 1951 in
816 1908 919 1953 manu
947 1891 1039 1971 regis
1066 1890 1234 1954 Willelmi
1263 1891 1407 1955 secundi

456 1989 556 2052 annis
573 1995 724 2072 quatuor
740 1989 907 2071 pastorali
922 1989 1049 2053 solatio
1066 1989 1220 2054 viduata.

563 2163 612 2227 Da
635 2162 854 2227 commotione
879 2160 1032 2239 Amalmi,
1061 2161 1297 2226 cantuariense

811 2261 1044 2345 archipiscopa'.

506 2386 636 2451 Eodem
649 2405 752 2462 anno,
761 2378 1057 2448 ²conuenientibus
1067 2385 1175 2448 totius
1184 2381 1323 2465 Angliae
1333 2385 1407 2466 epi-

456 2485 582 2566 scopis,
598 2485 723 2567 quibus
739 2485 906 2548 intererat
921 2483 1087 2560 Thomas,
1106 2483 1332 2549 Eboracensis
1350 2503 1407 2547 ar-

456 2584 709 2666 chiepiscopus
718 2583 935 2662 nselmum,
948 2583 1233 2648 cantuariensem
1246 2582 1406 2660 electum,

455 2686 673 2748 consecravit
701 2685 893 2748 antistitem
918 2683 1028 2766 pridie
1054 2701 1163 2746 nonas
1188 2683 1405 2747 Decembris.

455 2782 586 2847 Verum
610 2803 688 2848 cum
714 2791 795 2848 ante
821 2782 1003 2848 ordinandi
1024 2782 1198 2864 pontilicis
1226 2781 1406 2845 examina·

456 2877 856 2960 tionem,⁸Wallrelinus,
868 2880 1119 2945 Wiutoniensis
1135 2882 1330 2963 episcopus,
1349 2901 1407 2945 ec·

455 2981 649 3047 olesiastico
665 3003 758 3046 more
773 2983 973 3045 electionem
985 2982 1150 3062 scriptam
1164 2980 1308 3062 legeret,
1322 3000 1405 3045 mox

454 3080 620 3158 Thomas,
637 3081 918 3163 archiepiscopus
936 3080 1177 3155 Eboracensis,
1195 3087 1405 3162 conquestus

455 3188 509 3244 est
533 3181 699 3262 scriptum
721 3173 805 3241 4rite
829 3199 898 3242 nou
918 3197 995 3242 esse
1016 3178 1156 3242 sactum.
1209 3177 1303 3241 Nam
1325 3198 1404 3242 cum

455 3278 638 3354 diceretur,
657 3279 822 3341 ‘Fratres
834 3277 1031 3359 coepiscopi
1044 3277 1124 3353 mei,
1139 3284 1267 3341 uostrae
1282 3276 1406 3342 frater-

455 3377 559 3441 nitati
588 3384 641 3439 est
667 3378 856 3458 cognitum,
878 3385 1049 3457 quantum
1074 3378 1241 3459 temporis
1271 3384 1335 3452 est,
1359 3396 1404 3440 ex

454 3495 524 3558 quo
553 3482 676 3541 sancta
701 3477 977 3542 Doroberuensis
1005 3475 1162 3548 ecclesia,
1186 3476 1294 3540 totius
1327 3476 1405 3539 Bri·

455 3577 583 3640 tanniae
606 3578 885 3660 metropolitana,
915 3575 961 3638 sit
983 3582 1124 3656 pastore
1147 3575 1291 3638 viduata
1302 3575 1324 3653 ;’
1349 3593 1404 3637 re·

454 3676 593 3757 spondit
624 3677 776 3740 Thomas
805 3683 841 3740 et
864 3675 966 3750 dixit,
991 3674 1050 3737 ‘Si
1077 3675 1185 3738 totius
1211 3673 1403 3737 Britanniae

453 3775 601 3839 ecclesia
618 3775 894 3840 Doroberuensis
919 3773 1186 3854 metropolitana
1209 3779 1274 3849 est,
1295 3773 1406 3836 eccle·

487 3973 590 4025 ¹Abbos
608 3974 724 4036 Paua]
751 3977 798 4026 See
816 3977 857 4024 his
872 3974 916 4024 lise
942 3975 974 4022 he
991 3974 1051 4022 died
1067 3974 1110 4022 the
1130 3975 1176 4022 ard
1194 3975 1311 4036 Januury
1331 3982 1404 4028 1097.

451 4046 485 4107 by
497 4046 562 4095 Mat.
575 4047 661 4109 Paris,
671 4062 697 4107 p.
709 4051 750 4097 53.
942 4045 990 4092 See
1004 4044 1044 4092 hia
1061 4045 1166 4105 epitaph
1177 4045 1203 4092 in
1214 4045 1292 4107 Angl.
1303 4047 1374 4096 Sacr.
1386 4048 1405 4097 i.

451 4217 571 4278 wilkim’
583 4217 680 4266 cml·
692 4219 709 4268 i·
722 4233 749 4279 Ρ·
762 4222 819 4281 ‘m'
829 4234 894 4281 ΜΨ
942 4267 1004 4314 pare
1021 4252 1063 4300 the
1079 4252 1209 4315 following
1224 4259 1331 4304 account
1342 4256 1405 4304 with

487 4314 497 4344 ³
512 4317 686 4381 Wallcelioua,]
701 4334 730 4367 or
739 4320 917 4381 willhelmum
943 4322 1063 4384 Eudmer,
1073 4322 1143 4371 Hist.
1156 4323 1223 4373 Nor.
1234 4337 1261 4384 p.
1273 4327 1317 4374 21.
