3190 5202
452 683 590 732 rnonus
613 683 881 732 nrsronrnnon.
1097 671 1141 734 25

188 839 284 904 datio
308 839 426 903 multis
451 839 488 902 in
510 839 595 902 locis
621 839 775 921 periculo
792 839 858 903 suit
875 846 910 903 et
931 839 1068 917 damno,
1090 839 1276 904 itamari.

187 939 281 1020 quod
306 957 410 1020 rupes
438 937 556 1001 multae
588 938 784 1019 liquefactae
811 938 927 1020 plures
957 940 1141 1003 obruerent
1153 911 1287 1000 pppptpan

189 1046 254 1102 sua
266 1037 369 1100 ruina
382 1036 497 1101 villas.
551 1035 654 1100 Circa
671 1036 809 1099 eosdem
832 1035 905 1099 dies
927 1056 990 1100 rex
1005 1037 1142 1101 Willel·
1153 1012 1227 1060 ’Μ’

191 1153 267 1198 mus
293 1135 362 1197 duo
387 1134 546 1197 coenobia
572 1134 743 1210 fundavit,
768 1154 874 1196 unum
900 1135 937 1198 in
953 1133 1085 1216 Anglia
1105 1137 1141 1199 in

189 1233 354 1296 honorem
378 1233 491 1296 sancti
515 1231 661 1296 Martini
682 1232 773 1314 apud
793 1232 1018 1314 Hastingum,
1034 1227 1141 1316 ¹quod

190 1331 255 1393 ‘de
265 1329 380 1394 Bello’
394 1338 627 1412 nuncupatur,
640 1330 700 1393 ubi
712 1339 907 1394 consertum
917 1331 1044 1412 legitur
1052 1351 1141 1414 pree-

189 1429 274 1492 lium
289 1431 381 1492 inter
397 1429 512 1511 ipsum
530 1437 566 1492 et
581 1428 798 1507 Haroldum3
822 1449 891 1511 quo
910 1429 948 1492 in
969 1429 1046 1493 loco
1069 1450 1142 1494 mo-

189 1527 309 1592 nachis
333 1527 514 1603 institutis,
535 1533 574 1592 ut
596 1547 659 1609 pro
682 1527 796 1590 anima
818 1529 910 1608 regis
931 1526 1081 1590 Haroldi
1105 1537 1141 1594 et

189 1626 336 1690 aliorum
349 1625 476 1689 ibidem
487 1625 677 1689 occisorum
692 1626 810 1689 divina
826 1626 1040 1690 celebrarent
1056 1646 1139 1691 con-

190 1725 316 1802 stituit,
342 1724 606 1807 coenobiumque
635 1724 721 1787 illud
754 1725 916 1805 congruis
949 1727 1139 1806 possessio·

189 1824 289 1887 nibus
305 1822 496 1905 ampliavit.
533 1822 640 1887 Aliud
656 1823 901 1886 monasterium
915 1824 950 1886 in
965 1823 1139 1889 Norman·

187 1922 246 1985 nia
262 1916 373 2004 ²apud
385 1920 575 1988 Gadomum
593 1922 799 1998 construxit,
817 1922 909 2003 quod
922 1922 959 1985 in
976 1922 1139 1986 honorem

188 2021 301 2084 sancti
313 2020 481 2102 Stephani
490 2020 778 2103 prothomartyris
795 2027 1033 2086 consecratum
1048 2041 1138 2104 prae-

188 2118 255 2182 diis
275 2120 479 2201 opportunis
502 2126 537 2183 et
557 2118 707 2182 donariis
731 2118 923 2199 magnificis
946 2119 1138 2201 insignivit.

189 2217 247 2282 Ex
263 2219 383 2300 regina
401 2217 552 2282 Matilda
565 2218 693 2282 liberos
711 2218 839 2280 multos
855 2220 1045 2298 generavit,
1063 2218 1137 2282 Ro·
1150 2237 1261 2328 fficio

188 2317 325 2380 bertum
342 2317 486 2393 scilicet,
503 2316 706 2392 Ricardum,
719 2315 945 2393 willelmum,
961 2324 997 2379 et
1010 2316 1139 2380 Henri-
1210 2299 1231 2340 ⁷'

189 2434 267 2478 cum
278 2434 286 2478 ι
299 2415 459 2497 'quorum
476 2415 739 2497 primogenitus
755 2414 869 2476 adhuc
883 2421 982 2496 patre
999 2416 1138 2480 vivente

189 2512 440 2577 Normanniam
468 2513 588 2595 negari
614 2513 758 2576 moleste
783 2512 908 2590 ferens,
932 2513 969 2577 in
997 2513 1138 2577 Italiam

186 2612 274 2676 abiit
287 2612 339 2675 ira
355 2631 554 2688 succensus,
571 2618 610 2674 ut
625 2605 909 2675 ⁸fi1iaBonesacii
930 2612 1137 2677 marchionis

187 2717 327 2791 sumpta
356 2711 596 2774 adversaretur
624 2710 727 2791 patri,
756 2709 914 2792 partibus
940 2710 1009 2773 illis
1037 2710 1137 2794 adju-

187 2816 271 2887 tus;
311 2807 384 2884 sed,
414 2808 479 2871 hac
507 2808 675 2890 petitione
712 2807 911 2885 frustratus,
938 2807 1137 2892 Philippum

188 2907 401 2970 Francorum
423 2926 539 2987 regem
553 2914 674 2969 contra
693 2914 826 2987 patrem
841 2926 942 2970 suurn
959 2908 1137 2984 excitavit,

188 3024 295 3087 quare
315 3006 424 3087 ipsius
440 3005 678 3067 benedictione
695 3011 730 3067 et
750 3004 951 3068 haereditate
967 3013 1136 3082 cassatus,

190 3104 327 3167 arnissis
342 3103 593 3186 primogenitis,
611 3101 742 3182 Anglia
758 3109 838 3184 post
860 3110 1005 3167 mortem
1027 3105 1137 3184 patris

187 3203 242 3266 sui
252 3202 376 3278 caruit,
387 3201 516 3266 ducatu
528 3201 754 3264 Normanniae
766 3201 827 3265 vix
839 3208 986 3286 retento.
1011 3200 1136 3265 Ricar-

189 3301 253 3362 dus
270 3300 474 3381 magnificus
497 3306 533 3363 et
555 3301 655 3362 bonae
678 3298 805 3362 indolis
830 3298 1043 3377 adolescens,
1065 3302 1135 3383 pri-

187 3417 308 3462 maevae
329 3399 447 3463 dorem
464 3398 661 3482 juventutis
684 3399 808 3461 acerba
832 3417 924 3462 mors
948 3400 1136 3480 praevenit3

187 3496 330 3560 tradunt
354 3498 443 3560 enim
466 3499 593 3578 ipsum,
609 3495 646 3557 in
669 3494 772 3559 Nova
792 3496 921 3560 foresta
943 3516 1064 3561 cervos
1083 3498 1136 3561 in-

188 3603 401 3677 sequentem,
423 3596 579 3658 morbum
600 3594 763 3657 lethalem
784 3594 979 3670 incurrisse,
1002 3595 1037 3656 iu
1060 3595 1137 3659 loco

186 3692 346 3758 videlicet
370 3712 472 3775 quem
499 3713 562 3756 rex
587 3701 688 3775 pater
712 3692 799 3774 ejuS,
823 3692 1008 3754 destructis
1032 3693 1136 3771 villis,

185 3799 357 3874 utsupra
385 3791 514 3855 dictum
543 3798 608 3868 est,
641 3797 676 3854 et
704 3790 857 3854 ecclesiis
888 3790 1074 3867 subversis,
1099 3793 1136 3855 iu

184 3891 310 3955 silvam
342 3889 521 3970 redegerat
550 3887 798 3952 ‘densissimam
832 3896 867 3952 et
900 3888 1135 3953 habitaculum

219 4103 227 4135 ¹
242 4106 313 4161 Quod
329 4107 358 4154 de
374 4105 445 4153 Bello
461 4097 645 4170 noncupatum]
672 4104 981 4165 abbeywascousecrated
988 4120 1020 4154 on
1026 4106 1068 4155 the
1076 4106 1135 4156 1vth

184 4175 269 4223 Battle
281 4175 363 4234 abbey
369 4189 424 4222 was
435 4178 479 4222 not
486 4171 648 4223 consecrated
672 4173 702 4222 os
708 4174 725 4222 J
728 4189 777 4222 uuo
795 4177 876 4234 loom
894 4189 936 4223 see
951 4175 1038 4224 Gallia
1050 4175 1136 4226 Chris·

184 4245 248 4291 nutil
271 4243 336 4291 after
357 4243 491 4291 William’s
513 4242 600 4303 death,
622 4243 648 4290 in
673 4243 822 4304 tiaua‚t0m.
834 4243 870 4293 xi.
882 4259 908 4305 p.
920 4247 977 4292 4³1.

185 4315 257 4373 1094,
273 4312 348 4360 when
364 4312 476 4360 William
494 4311 578 4361 Rufus
594 4326 648 4360 was

185 4386 286 4442 present
296 4386 323 4429 at
333 4381 375 4429 the
386 4395 527 4441 ceremony.
709 4373 820 4439 wiza]
838 4377 904 4427 Both
923 4377 999 4428 MSS.
1010 4378 1072 4427 read
1088 4379 1137 4428 ‘fi-

199 4463 201 4468 ‘
218 4448 307 4514 'Apud
313 4451 465 4514 Cadurcum]
477 4443 649 4510 St.Stepheu’s
673 4440 750 4494 liam?
