3138 5184
432 586 572 635 neonus
595 587 863 636 srsronrnuun.
1058 571 1123 637 187

174 743 225 806 tia
262 751 443 824 genuerat,
474 745 545 808 filia
577 746 670 826 regis
701 731 856 827 Philippi
893 746 1118 810 Francorum.
1134 765 1190 805 nn
1201 765 1257 804 na

175 836 286 906 Obiit¹
313 851 430 907 autem
451 844 571 908 eodem
593 850 748 928 tempore
770 844 861 908 idem
882 865 945 909 rex
967 845 1120 910 Franco·
1105 862 1264 961 -ffinffm

176 961 252 1002 rum
276 940 471 1024 Philippus,
488 943 543 1008 vir
560 943 716 1020 illustris,
733 951 770 1007 et
791 945 958 1008 successit
974 944 1007 1008 ei
1029 944 1121 1009 filius
1133 923 1249 1003 ornias

175 1040 252 1122 ejus
280 1040 486 1106 Lodowicus
514 1043 638 1124 viginti
662 1050 743 1106 octo
764 1045 877 1106 aunis
938 1041 1121 1107 Paridem

176 1146 313 1222 tempus
345 1140 568 1206 Baldewinus
594 1161 709 1206 eomes
739 1142 938 1206 Edessauus
959 1149 996 1206 et
1017 1142 1122 1207 Joca-

175 1238 270 1302 linus
287 1241 564 1322 consanguineus
586 1241 674 1324 ejus,
689 1240 780 1304 datis
801 1259 865 1324 pro
887 1241 1122 1326 redemptione

177 1357 244 1400 sua
267 1338 457 1416 obsidibus,
483 1359 504 1402 a
524 1339 716 1403 ancorum
741 1339 890 1404 vinculis
912 1341 1121 1420 liberantur3

177 1444 214 1500 et
245 1444 327 1518 post
355 1436 428 1501 dies
457 1457 587 1520 paucos
615 1439 718 1502 iidem
744 1438 881 1502 obsides
908 1439 953 1503 ad
981 1441 1124 1523 propria

174 1543 259 1599 sunt
280 1537 420 1612 reversi,
437 1537 638 1601 custodibus
654 1537 856 1602 interfectis.
908 1539 1039 1602 Eodem
1054 1557 1120 1602 au·

175 1654 223 1699 uo
245 1628 479 1700 ²Bertrannus
501 1655 616 1700 comes
633 1621 864 1714 Tholosanus,
880 1638 1017 1702 comitis
1040 1637 1125 1702 Rei·

177 1733 298 1796 mundi
332 1733 436 1811 filius,
473 1736 566 1818 apud
602 1737 722 1800 urbem
754 1735 1008 1818 Tripolitanum
1043 1756 1123 1800 cum

176 1833 291 1896 classe
301 1833 325 1897 J
328 1834 532 1900 aunensium
546 1835 738 1917 applicans,
750 1835 901 1914 Biblum,
913 1838 1032 1900 urbem
1048 1855 1123 1900 ma·

178 1933 330 1995 ritimam
360 1932 539 1997 Phoenicis
567 1934 730 2014 regionis,
756 1935 893 1999 obsedit
913 1944 949 2000 et
970 1936 1063 2017 cepit
1088 1943 1124 2000 et

178 2029 386 2095 Christianae
397 2032 551 2097 restituit
561 2033 708 2112 unitati3
723 2032 940 2116 deindepost
952 2034 1025 2096 dies
1036 2053 1124 2114 pau·

176 2149 237 2193 cos
254 2149 318 2194 rex
336 2130 557 2195 Hierusalem
572 2131 806 2208 Baldcwiuns,
824 2133 956 2196 auxilio
970 2133 1125 2215 ejusdcm

177 2229 314 2296 comitis
334 2238 370 2294 et
389 2231 511 2294 classis
527 2231 716 2312 praedictae,
733 2231 904 2313 Tripolim
922 2230 1126 2314 subjugavit

178 2335 215 2390 et
232 2346 308 2391 eam
326 2330 444 2392 comiti
460 2329 657 2393 Bertranno
672 2329 827 2394 donavit.

211 2499 298 2578 Quod
311 2522 367 2564 rao
383 2501 542 2566 Hearicos
555 2501 730 2586 quosdam
716 2502 858 2566 ananim
871 2521 940 2565 roos
954 2498 1104 2566 amitat.

229 2621 335 2689 Anno
361 2624 504 2687 Domini
526 2641 617 2688 nox.
640 2643 704 2687 rex
728 2622 923 2704 Anglorum
953 2621 1127 2685 Henrlcus
1139 2632 1261 2731 gh13¹¹g¹⁰

181 2715 434 2786 exhaeredavit³
451 2721 650 2806 Philippum
669 2722 712 2785 de
735 2722 896 2798 Brousis,
913 2721 1182 2822 ΨίΠθΙιιιιιιιιΒῗ
1159 2743 1256 2772 oman
1228 2733 1271 2772 und

183 2842 320 2904 quoque
354 2821 465 2885 Melet
495 2828 531 2884 et
559 2821 781 2886 Willelmum
801 2820 947 2895 Binard,
974 2826 1010 2884 et
1038 2784 1199 2884 aliosiii
1201 2833 1249 2872 hec

185 2923 380 3003 proditores
402 2939 495 2998 suos,
517 2929 625 3005 atquc
639 2919 793 2996 Heliam,
809 2919 1054 2984 cenomanniae
1070 2939 1128 2984 co-

184 3022 312 3097 mitem,
331 3021 391 3102 qui
412 3021 612 3084 comitatum
634 3019 731 3083 illum
749 3020 792 3084 de
809 3038 891 3101 rege
905 3020 1058 3093 tenebat,
1075 3018 1127 3082 vi-

185 3129 221 3182 ta
243 3120 419 3202 privavit3
443 3117 536 3200 quod
558 3119 703 3183 audiens
728 3137 843 3182 comes
863 3117 1127 3198 Andegavcnsis

187 3216 377 3281 Gaufridus
411 3217 564 3298 suscepit
592 3216 698 3280 filiam
723 3217 877 3300 ejusdem
903 3215 1019 3279 Heliae
1048 3234 1127 3278 cum

186 3317 352 3380 comitatu
368 3315 439 3391 illo,
455 3323 491 3378 et
505 3316 617 3380 tenuit
632 3315 730 3379 illum
745 3321 868 3380 contra
889 3334 1005 3396 regem
1028 3313 1127 3376 Hen-

185 3417 304 3479 ricum.
357 3413 488 3478 Eodem
510 3434 603 3477 auno
626 3413 836 3490 Richardus,
851 3414 959 3477 abbas
974 3411 1128 3476 ecclesiae

185 3515 295 3578 sancti
314 3510 456 3590 Albani,
473 3514 644 3595 pretiosas
666 3513 857 3578 beatissimi
877 3512 970 3593 regis
987 3518 1023 3575 et
1040 3529 1130 3573 mar·

185 3615 269 3696 tyris
292 3607 447 3676 ⁴Oswini
467 3611 631 3694 reliquias
660 3631 738 3675 cum
760 3629 888 3692 magno
910 3610 993 3674 cleri
1010 3617 1045 3674 et
1067 3629 1129 3691 po·

187 3715 256 3795 puli
295 3712 448 3794 tripudio
477 3712 513 3775 in
544 3730 670 3776 novam
700 3711 768 3775 Dei
799 3708 976 3792 genitricis
1006 3709 1129 3772 Mariae

187 3813 367 3877 transtulit
395 3811 573 3876 basilicam
604 3810 696 3892 apud
719 3807 975 3885 Tiuemutham,
998 3809 1042 3870 ab
1067 3827 1129 3870 an·

187 3912 280 3992 tiquo
312 3910 465 3994 ejusdem
492 3910 560 3973 Dei
595 3908 773 3990 genitricis
804 3907 969 3982 oratorio,
998 3907 1035 3969 in
1060 3925 1130 3987 quo

223 4074 342 4124 'Obiito
327 4076 430 4138 theton]
447 4076 495 4124 See
513 4076 602 4138 above,
618 4091 645 4136 p.
672 4075 850 4137 Huutingdon,
866 4073 924 4122 who
941 4073 1012 4134 gives
1028 4071 1088 4132 only
1103 4086 1133 4119 us

188 4142 614 4204 1801001Ὶ
671 4145 714 4192 the
725 4158 814 4192 reason
823 4143 918 4192 lorthis
929 4140 1007 4190 actos
1011 4140 1053 4188 the
1062 4141 1134 4201 king,

221 4179 407 4261 werstanus.
416 4206 462 4278 ]‘
476 4213 622 4261 Bertramus
630 4213 647 4273 ;'
672 4214 733 4274 ‘qui
744 4214 769 4261 ei
779 4217 917 4261 nocuerant
924 4207 939 4272 ,¹
951 4227 977 4272 p.
990 4213 1046 4258 870.

191 4281 256 4330 Will.
267 4283 328 4341 Tyr.
340 4297 367 4342 p.
378 4285 437 4330 800.
707 4281 855 4345 4οιιοίιιί.]
868 4283 916 4330 Sec
933 4281 973 4329 bis
985 4280 1089 4340 passion
1108 4279 1134 4326 iu

222 4348 429 4400 'Exboeredact't
446 4350 457 4412 ]
496 4350 531 4400 So
559 4351 715 4410 Henrytthe
727 4353 780 4400 first
791 4352 900 4412 volume,
911 4367 937 4412 p.
950 4355 1022 4399 145.¹
