3144 5180
460 523 525 589 286
716 538 850 586 uocum
875 538 921 584 on
945 536 1152 585 wnrvnovrn

298 715 422 756 suurn.
461 696 540 759 dem
560 695 603 758 ad
627 713 665 758 se
686 713 847 758 reversus
861 694 980 776 jussit,
1000 700 1039 757 ut
1056 692 1173 775 puella
1192 700 1417 774 exspectaret

297 767 390 816 mm
461 795 570 858 donec
589 794 633 858 ad
657 793 753 856 illam
773 793 912 869 rediret,
935 799 971 856 ct
991 792 1042 856 sic
1058 793 1102 856 ad
1120 794 1246 856 ostium
1263 793 1416 855 cubiculi

462 895 639 958 divertens
673 893 822 956 cultrum
851 893 998 973 arripuit
1022 898 1059 955 et
1089 893 1230 974 propria
1258 892 1415 954 membra

463 992 578 1058 virilia
593 991 798 1055 abscindens
812 990 905 1055 foras
923 990 1080 1073 projecit.
1123 996 1133 1025 ‘
1152 989 1269 1068 Quid:
1284 992 1415 1072 inquit,

463 1092 639 1174 ‘putastis
656 1091 843 1168 daemoneS,
860 1090 952 1172 quod
969 1110 1041 1152 non
1054 1091 1283 1154 intellexerim
1298 1098 1415 1152 tenta-

463 1192 576 1256 tiones
594 1191 754 1255 vestrasl
779 1190 834 1253 De
848 1188 1042 1271 perditione
1063 1208 1140 1252 mea
1155 1188 1210 1253 vel
1228 1189 1307 1251 filiae
1325 1208 1415 1252 meae

464 1310 533 1354 non
547 1289 756 1371 gaudebitis
772 1289 855 1370 quia
865 1308 929 1352 nec
945 1307 999 1351 me
1010 1307 1074 1350 nec
1090 1288 1203 1370 ipsam
1216 1287 1415 1351 habebitis!

463 1389 629 1470 Sequenti
649 1406 787 1471 quoque
810 1394 925 1464 nocte,
943 1407 1021 1451 cum
1043 1386 1200 1452 diabolus
1219 1387 1414 1468 interroga·

464 1494 518 1551 ret
540 1487 746 1568 discipulum
775 1487 923 1568 quidde
950 1487 1152 1569 presbytero
1184 1492 1301 1550 actum
1327 1485 1415 1548 fuis·

464 1592 529 1662 set,
561 1585 751 1667 respondit,
781 1605 819 1648 se
845 1605 980 1650 omnem
1006 1585 1159 1648 laborem
1186 1585 1355 1661 ammisse,
1377 1593 1416 1648 et

464 1684 615 1765 qualiter
646 1683 808 1748 sacerdos
840 1685 992 1767 seipsum
1021 1690 1249 1761 castraverat,
1278 1685 1415 1747 cunctis

463 1783 693 1860 audientibus,
717 1783 916 1862 enarravit3
939 1784 1047 1867 jussit
1067 1802 1150 1864 ergo
1172 1782 1351 1864 magister,
1372 1790 1413 1847 ut

464 1883 599 1946 daemon
622 1882 680 1946 ille
699 1883 854 1962 graviter
874 1882 1121 1964 flagellaretur,
1136 1888 1171 1946 et
1190 1883 1241 1946 sic
1262 1901 1413 1945 conven—

463 1990 520 2045 tus
529 1982 676 2047 solvitur
686 1981 870 2064 spirituum
881 1981 1134 2046 immundorum
1147 2000 1155 2058 3
1174 1981 1336 2045 sacerdos
1351 1999 1414 2044 au-

463 2089 532 2146 tem
558 2081 721 2163 puellam,
744 2099 849 2162 quam
873 2082 1078 2158 nutriverat,
1104 2081 1182 2144 Deo
1204 2080 1413 2144 servituram

463 2179 782 2245 sanctimonialibus
801 2173 1083 2244 ¹commendavit.

467 2423 468 2426 Ἴ
491 2353 582 2427 Quod
597 2375 678 2440 rapas
693 2351 868 2438 duplorum
883 2305 1091 2414 a’Sootoroa
1107 2359 1216 2414 mutuo
1225 2323 1308 2434 juro
1322 2348 1384 2414 sibi

729 2452 774 2516 od
788 2451 918 2515 inuicem
933 2449 1147 2514 reddiderunt.

300 2591 423 2690 3332„st
513 2572 619 2638 Anno
635 2575 777 2639 Domini
792 2592 931 2639 uouvu.
944 2595 1007 2638 rex
1025 2573 1219 2653 Anglornm
1237 2568 1415 2634 Henricus

301 2692 434 2780 fflnnlwiur
463 2674 702 2739 transfretavit
719 2675 755 2736 in
773 2673 949 2756 Angliam,
964 2667 1018 2741 ,²et
1039 2665 1103 2735 rex'
1120 2671 1302 2734 Scotorum
1319 2670 1414 2732 Mal-

301 2752 423 2830 sarili?
462 2773 594 2836 colmus
625 2772 773 2836 reddidit
798 2773 831 2837 ei
858 2773 1033 2837 civitatem
1065 2769 1281 2845 Karleolum,
1309 2769 1416 2832 Bam-

462 2871 565 2952 burgi
591 2880 743 2935 castrum
774 2878 809 2935 et
843 2870 1184 2935 Novum-castellum
1214 2888 1319 2950 super
1342 2867 1414 2950 Ty·
1494 2881 1503 2889 ·

463 2989 556 3046 nam,
584 2977 619 3034 et
649 2977 762 3035 totum
782 2970 985 3034 comitatum
1010 2969 1262 3044 Lodonensem,
1285 2973 1321 3030 et
1346 2986 1412 3029 rex

463 3067 612 3132 reddidit
631 3069 662 3132 ei
681 3069 943 3134 Huntendoniae
960 3069 1173 3132 comitatum.
1211 3065 1411 3131 Willelmus

461 3167 632 3245 similiter,
658 3169 751 3232 filius
778 3169 870 3250 regis
892 3167 1060 3250 Stephani
1084 3166 1223 3241 nothus,
1247 3164 1307 3246 qui
1332 3172 1410 3234 erat

462 3285 578 3330 comes
601 3267 788 3332 Moretonii
807 3275 842 3331 et
865 3267 908 3330 de
932 3267 1143 3340 Warrenua,
1161 3262 1311 3328 reddidit
1333 3263 1409 3343 regi

462 3365 654 3430 Pevenesel
681 3375 716 3431 et
742 3366 955 3442 Norwicum,
985 3374 1020 3430 et
1048 3383 1167 3429 omnes
1199 3362 1409 3426 munitiones

462 3483 544 3528 suas
575 3467 611 3528 in
639 3463 770 3547 Anglia
799 3473 834 3528 et
864 3464 1094 3539 Normannia,
1124 3480 1211 3544 quas
1242 3481 1286 3524 ex
1315 3461 1409 3524 dono

461 3565 555 3645 regis
572 3564 740 3647 Stephani
758 3563 969 3646 possidebat,
992 3569 1027 3626 et
1043 3583 1106 3643 rex
1122 3561 1297 3624 Hernicus
1313 3559 1411 3622 dedit

461 3662 494 3725 ei
513 3663 677 3746 quicquid
693 3670 792 3746 pater
811 3663 887 3746 ejus
903 3682 963 3725 rex
981 3661 1180 3744 Stephanus
1200 3658 1322 3723 habuit
1338 3657 1409 3734 die,

495 3884 779 3946 ¹cmmaavtt.]*1n
794 3887 846 3936 this
861 3901 922 3948 year
947 3899 1019 3936 came
1037 3887 1080 3934 the
1100 3886 1170 3946 liege
1190 3899 1248 3932 man
1264 3883 1293 3930 ol
1310 3883 1410 3943 Henry,

460 3957 921 4019 also‚asParisrecords,diedPrince
946 3956 1056 4004 ‘eodem
1079 3955 1164 4015 modo,
1185 3967 1236 4013 quo
1258 3967 1322 4001 avus
1346 3966 1411 4001 suus

378 4027 380 4034 ’
460 4025 768 4088 William,eldests0n0f
778 4026 866 4086 Henry
878 4027 920 4074 the
946 4026 1030 4073 luerat
1040 4025 1114 4073 homo
1125 4024 1218 4071 veteris
1230 4022 1347 4082 Raurici,
1359 4021 1410 4068 sal·

459 4096 643 4157 second,vvhen
653 4097 701 4144 five
713 4109 788 4157 years
798 4095 850 4144 old.
879 4095 922 4144 He¹
946 4095 985 4142 vis
1007 4094 1124 4142 omnibns
1146 4091 1314 4152 dignitatibus
1336 4089 1411 4138 suis)

458 4179 513 4214 was
524 4166 614 4214 buried
624 4169 651 4212 at
663 4166 787 4226 lleading.
924 4219 927 4224 Ι
946 4164 988 4226 Qu
995 4163 1038 4212 the
1046 4162 1164 4222 meaning
1171 4161 1200 4210 ol
1207 4161 1249 4208 the
1257 4160 1328 4208 word
1339 4159 1411 4220 ‘dig-

493 4231 602 4282 ²Etrec
615 4234 741 4284 Scotorum
752 4228 919 4300 malcolmus]
945 4228 1019 4281 nitas'
1028 4233 1054 4281 in
1063 4232 1113 4280 this
1122 4244 1230 4292 passage
1239 4245 1282 4278 see
1292 4230 1339 4278 Dr.
1348 4229 1410 4276 Lin-

458 4301 583 4352 lloveden
596 4318 666 4366 says,
677 4304 732 4352 that
744 4303 865 4353 Melcolm
876 4303 920 4350 bea
945 4302 1030 4362 gard's
1041 4305 1109 4350 note.
