3144 5180
445 527 511 598 268
697 543 832 596 nocnnr
858 545 905 591 nu
927 543 1139 593 wuunovrn·

285 721 409 760 numa.
447 721 524 764 nem
557 701 744 765 innumeris
768 700 962 764 actualibus
984 711 1104 764 sumus
1126 700 1295 782 implicati
1317 711 1403 784 pece

283 771 434 870 miii?
447 802 548 878 catis,
575 820 643 865 non
669 800 736 864 nisi
762 818 824 881 per
849 800 1091 881 purgationem
1118 807 1338 882 peccatorum
1364 808 1402 865 et

285 869 391 912 ΗΜ
447 899 667 965 afflictionem
693 917 874 981 poenarum
900 898 968 962 huc
994 899 1172 981 potuimus
1196 901 1399 981 pervenire;

447 992 665 1082 poenitentia¹
688 998 793 1074 enim,
816 1016 919 1079 quam
945 1005 1026 1060 ante
1049 1005 1194 1062 mortem
1214 998 1270 1061 vel
1294 1000 1400 1062 mori·

447 1106 544 1168 entes
571 1097 798 1179 suscepimus,
826 1094 918 1160 etin
948 1096 1065 1161 seculo
1094 1116 1163 1161 non
1187 1098 1399 1178 peregimus,

447 1198 483 1260 in
499 1197 586 1263 locis
604 1216 682 1278 quae
704 1194 822 1260 vidisti
844 1195 1053 1278 poenalibus,
1070 1195 1179 1279 juxta
1199 1197 1338 1260 modum
1362 1204 1400 1260 et

447 1296 676 1378 quantitatem
700 1295 892 1376 culparum,
921 1314 982 1376 per
1005 1302 1177 1359 tormenta
1203 1301 1313 1359 restat
1342 1295 1399 1358 lu·

448 1394 557 1458 endai
586 1411 705 1458 omnes
727 1393 830 1470 enim,
851 1394 913 1475 qui
937 1393 993 1456 hic
1015 1412 1146 1471 sumus,
1166 1395 1202 1458 in
1219 1394 1305 1458 locis
1326 1394 1400 1457 illis

448 1494 644 1575 poenalibus
665 1492 793 1556 fuimus
820 1493 1071 1574 propeccatis,
1093 1499 1128 1556 et
1151 1512 1283 1570 omnes,
1308 1511 1400 1574 quos

448 1593 483 1655 in
506 1592 620 1673 poenis
637 1590 767 1667 vidisti,
790 1599 918 1672 praeter
940 1609 1011 1667 eos,
1036 1592 1095 1673 qui
1117 1591 1209 1655 infra
1234 1611 1273 1656 os
1298 1594 1398 1674 putei

447 1690 624 1752 infernalis
640 1689 807 1766 existunt,
830 1689 875 1753 ad
897 1690 987 1754 hanc
1008 1691 1160 1772 requiem
1182 1692 1400 1772 pervenient,

385 1847 388 1858 .
449 1797 483 1852 et
501 1788 638 1852 tandem
654 1789 745 1852 salvi
761 1788 866 1867 lient3
890 1790 983 1852 omni
1000 1809 1149 1872 namque
1164 1788 1220 1852 die
1236 1789 1317 1853 inde
1331 1791 1398 1854 ali-

449 1888 509 1970 qui
526 1889 666 1971 purgati
684 1887 727 1952 ad
749 1907 811 1951 nos
823 1888 980 1965 veniunt,
996 1881 1103 1970 ²quos
1121 1889 1157 1952 in
1174 1889 1264 1953 hanc
1280 1890 1401 1971 requi-

450 2007 516 2064 em,
540 1987 630 2050 sicut
649 1993 685 2054 et
702 1994 737 2051 te
759 1987 915 2064 fecimus,
937 1987 1187 2052 introducimus
1206 1989 1400 2067 venientes,

449 2105 513 2149 nec
542 2093 697 2151 nostrum
724 2086 863 2168 aliquis*
881 2086 979 2150 novit
1013 2085 1177 2169 quamdiu
1208 2087 1263 2151 hic
1291 2087 1399 2152 fuerit

450 2192 658 2250 moraturus·
710 2184 781 2248 Per
806 2185 930 2249 missas
946 2205 1042 2263 vero,
1063 2185 1229 2268 psalmos,
1248 2187 1399 2250 elecmo-

450 2303 555 2366 synas
590 2293 626 2348 et
664 2282 838 2347 orationes
869 2284 1024 2348 ecclcsiae
1057 2285 1228 2366 generalis
1261 2291 1297 2349 et
1334 2306 1400 2368 per

449 2383 615 2465 specialia
647 2383 833 2446 amicorum
864 2383 1007 2460 auxilia,
1037 2391 1100 2448 aut
1135 2385 1397 2466 purgandorum

450 2487 622 2545 tormenta
648 2482 854 2563 mitigantur
880 2488 942 2545 aut
964 2480 1007 2545 de
1034 2483 1119 2565 ipsis
1146 2484 1327 2566 suppliciis
1351 2485 1397 2548 ad

448 2581 581 2643 minora
606 2579 874 2657 transferuntur,
901 2580 1009 2645 donec
1035 2582 1173 2663 penitus
1195 2582 1397 2648 liberentur.

449 2678 551 2755 Ecce,
575 2686 613 2742 ut
636 2678 744 2754 vides,
767 2679 822 2742 hic
845 2680 882 2742 in
907 2698 1035 2762 magna
1054 2681 1170 2762 quiete
1187 2700 1319 2759 sumus,
1334 2682 1397 2746 sed

449 2776 599 2840 nondum
622 2783 738 2840 tamen
767 2776 812 2839 ad
840 2797 1023 2860 supernam
1050 2779 1127 2842 caeli
1155 2778 1313 2844 laetitiam
1340 2801 1398 2845 as·

448 2874 593 2938 ceudere
636 2893 755 2938 sumus
792 2876 907 2957 digni;
951 2877 1174 2941 transibimus
1207 2879 1286 2942 hinc
1313 2888 1396 2962 post

447 2973 596 3055 spatium
622 2992 644 3036 a
669 2974 745 3037 Deo
771 2965 916 3057 singulis
945 2976 1171 3040 constitutum
1194 2978 1230 3041 in
1257 2978 1396 3060 paradi-

447 3091 523 3136 sum
538 3073 723 3150 caelestem,
740 3073 830 3138 sicut
848 3074 944 3138 Deus
960 3073 1151 3156 providerit
1166 3077 1372 3142 transitum?

509 3256 598 3338 Quod
620 3255 707 3320 midos
728 3257 837 3322 celesti
862 3258 975 3322 mione
997 3259 1038 3320 sit
1060 3266 1212 3321 recreatus
1228 3267 1256 3321 ot
1277 3257 1342 3322 cibo
1376 3225 1381 3234 .

765 3356 931 3440 spirituali
952 3358 1091 3440 roseam.

508 3479 644 3543 Deinde
666 3479 833 3563 praesules
857 3480 1042 3543 venerandi
1064 3477 1206 3542 militem
1232 3478 1269 3541 in
1297 3497 1401 3542 mon·

448 3584 518 3641 tem
549 3578 712 3643 declivem
747 3579 911 3642 ducentes
942 3579 1125 3663 jusserunt
1153 3584 1193 3641 ut
1224 3577 1398 3659 aspiceret
1483 3641 1488 3650 ,

448 3696 597 3755 sursum,
627 3697 798 3760 quocum
827 3678 1009 3760 aspiceret,
1037 3676 1310 3758 interrogabant,
1335 3695 1401 3740 cu*

442 3775 597 3858 jusmodi
620 3777 744 3841 coloris
766 3777 888 3840 caelum
904 3784 997 3840 esset
1012 3782 1173 3859 respectu
1192 3775 1258 3838 loci
1274 3775 1311 3838 in
1327 3793 1399 3857 quo

448 3875 559 3953 stetit3
583 3874 642 3957 qui
654 3874 844 3958 respondit,
854 3875 961 3939 colori
980 3875 1092 3942 simile
1104 3893 1179 3938 esse
1191 3874 1319 3938 surim
1329 3873 1402 3938 sor-

448 3993 533 4037 nace
547 3973 712 4038 ardentis.
737 3974 858 4051 ‘Hoc,'
874 3974 1067 4057 inquiunt,‘
1079 3973 1172 4056 quod
1187 3992 1277 4036 nunc
1287 3971 1402 4049 vides,

485 4172 653 4224 ¹Poeniteatie
663 4211 669 4225 .
681 4211 687 4225 .
698 4179 789 4226 ,restat
800 4175 907 4238 luendo]
968 4170 1078 4242 Ἥκω]
1096 4175 1128 4223 In
1139 4174 1195 4224 MS.
1208 4174 1252 4223 ‘et
1262 4173 1326 4236 nos,'
1341 4172 1402 4236 pro'·

447 4244 644 4360 ‘inl’ffiitentiam
654 4249 789 4294 ...restant
799 4239 908 4330 luendo:
933 4245 1010 4305 bobly
1021 4243 1061 4293 lor
1071 4246 1113 4294 ‘et
1123 4239 1185 4293 hos?
