3178 5194
502 571 642 618 rnouns
666 571 936 620 rusronrnuuu.
1127 555 1193 619 443

244 725 299 788 sui
324 725 412 789 citra
424 744 519 788 mare
540 732 575 788 et
590 725 704 810 ultra;
732 731 767 787 et
789 723 905 787 nullus
929 724 1099 788 baronum
1119 725 1193 789 sive
1206 743 1330 784 nonno.

169 819 173 826 ’
244 824 402 902 militum,
418 824 478 906 qui
495 825 530 886 in
546 824 612 888 bac
626 841 737 888 werra
751 822 898 886 adhaesit
912 823 1031 886 comiti
1046 823 1194 886 Richar-

245 923 303 998 do,
329 924 371 986 de
389 930 514 988 caetero
536 923 661 987 redibit
687 923 732 985 ad
757 941 874 1002 regem
891 919 1043 1004 Angliae,
1069 923 1136 985 nisl
1156 923 1194 985 iu

245 1021 367 1085 ultimo
382 1041 512 1100 mense,
529 1030 611 1086 ante
628 1021 815 1085 motionem
835 1040 955 1103 regum
978 1039 1099 1085 versus
1122 1028 1192 1084 ter-

245 1138 319 1182 ram
336 1128 505 1198 sanctam,
528 1120 628 1205 cujus
650 1121 817 1184 terminus
837 1120 876 1184 iu
896 1120 1011 1184 media
1033 1119 1193 1198 Quadra·

245 1219 378 1299 gesimo
409 1219 486 1283 erit.
537 1220 648 1283 Dabit
680 1226 847 1301 praeterea
876 1220 951 1300 regi
981 1219 1194 1283 Francorum

247 1337 310 1398 pro
333 1318 508 1382 laboribus
530 1319 601 1382 suis
619 1319 655 1381 in
677 1318 843 1401 obsequio
863 1319 998 1382 comitis
1025 1316 1194 1382 Richardi

246 1417 409 1498 impensis
432 1417 557 1500 viginti
583 1417 691 1480 millia
718 1435 853 1480 marcas
877 1418 1038 1498 argeuti3
1073 1425 1109 1481 et
1130 1436 1194 1481 rex

248 1514 459 1580 Francorum
486 1523 522 1580 et
551 1534 666 1579 comes
692 1515 889 1580 Richardus
915 1516 1080 1580 tenebunt
1108 1517 1194 1580 civi-

248 1620 338 1678 tates
367 1614 658 1679 Genomaunicam
690 1622 728 1678 et
760 1614 984 1693 Turouicam,
1014 1633 1094 1677 curu
1118 1633 1194 1678 cas·
1274 1691 1276 1694 Ι

247 1713 340 1776 tellis
362 1714 404 1777 de
427 1713 519 1787 Leir,
542 1713 584 1778 de
607 1713 714 1790 Trou,
736 1712 846 1777 donec
869 1714 984 1777 omnia
1004 1712 1091 1778 fiant
1116 1733 1195 1795 quae

248 1819 329 1876 suut
356 1813 558 1895 praelocuta.
611 1813 655 1876 Iu
676 1812 742 1877 boc
766 1821 882 1876 autem
905 1820 1031 1876 eventu
1058 1811 1197 1876 videtur

248 1912 430 1993 prophetia
444 1912 585 1976 Merlini
601 1912 784 1992 completa,
799 1931 877 1992 quae
894 1912 987 1986 dicit,
1007 1905 1197 1976 ¹‘Dabitur

249 2010 401 2074 maxillis
433 2011 511 2095 ejus
538 2011 695 2088 fraenum,
721 2010 814 2092 quod
844 2011 881 2073 in
909 2008 1091 2074 Armorioo
1116 2011 1197 2073 sinu

246 2109 471 2174 fabricabitur
478 2106 497 2190 ;’
511 2109 657 2173 fraenum
674 2129 812 2193 quoque
829 2109 982 2172 maxillis
999 2108 1085 2192 ejus,
1099 2109 1196 2173 vide-

248 2208 330 2272 licet
349 2211 441 2290 regis
455 2207 607 2291 Angliae,
633 2216 688 2272 est
713 2208 845 2285 datum,
869 2208 963 2285 dum,
989 2207 1082 2290 quod
1109 2227 1198 2289 prae·
1285 2190 1297 2206 ⁹

249 2306 446 2372 decessores
467 2309 522 2372 sui
536 2307 756 2372 haereditario
774 2307 855 2391 jure
876 2307 912 2370 in
926 2304 1082 2372 Averuia
1096 2313 1197 2370 tenu·

249 2414 363 2483 erant,
379 2407 530 2470 dominio
547 2406 695 2490 subjecit
711 2407 873 2484 alterius3
901 2406 983 2469 dum
999 2403 1197 2487 transfugas

249 2524 344 2581 suos,
362 2505 569 2570 Gauiridum
583 2506 715 2570 scilicet
731 2505 774 2568 de
789 2505 978 2582 Meduana,
1002 2504 1198 2568 Guidonem

249 2604 293 2667 de
304 2603 421 2681 Valle,
443 2604 669 2688 Radulpbum
694 2605 736 2668 de
762 2603 946 2685 Fulgeriis,
969 2604 1063 2668 intra
1084 2603 1198 2666 sinum

249 2703 447 2768 habitantes
474 2702 707 2780 Armoricum,
727 2702 764 2766 id
789 2710 843 2766 est
864 2702 1117 2778 Britannicum,
1140 2701 1200 2783 qui

249 2802 345 2865 sinus
369 2803 554 2867 transitum
583 2803 790 2864 facientibus
816 2820 837 2864 a
866 2799 1050 2864 Britannia
1078 2818 1199 2863 versus

251 2885 435 2959 Franciam
461 2899 705 2977 sta-pacificum
735 2905 776 2958 et
797 2899 1057 2964 commeabilem
1079 2897 1198 2960 offere-

250 2995 323 3070 bat,
342 2994 461 3057 vitatis
483 2993 609 3056 finibus
637 2992 930 3070 Normannorum,
955 2995 993 3056 in
1019 2995 1199 3076 ligantiam

251 3099 286 3156 et
311 3099 519 3175 potestatem
550 3091 614 3154 filii
646 3092 701 3155 sui
734 3091 914 3169 Richardi,
946 3092 1054 3157 vellet
1080 3094 1201 3169 nollet,

250 3191 397 3255 transire
411 3190 594 3254 concessit.

356 3360 398 3424 Ut
414 3360 581 3444 imperator
596 3359 756 3423 Romanae
772 3359 832 3423 iter
838 3360 1102 3447 perrprioutiouis

653 3459 806 3542 urrrpuit.

303 3581 405 3645 Circa
426 3579 500 3645 dies
521 3581 619 3658 istos,
641 3581 678 3645 iu
699 3580 788 3646 festo
811 3582 922 3644 sancti
940 3580 1096 3663 Georgii,
1115 3582 1200 3645 Fre·
1213 3601 1258 3640 rue

253 3681 400 3757 dericuS,
414 3681 601 3762 imperator
615 3679 805 3755 Romanus
823 3680 900 3743 loca
911 3679 1104 3744 Dominicae
1119 3700 1199 3761 pas-
1211 3646 1342 3750 {iiffiig'a

253 3779 360 3844 sionis
395 3779 599 3844 visitaturus
634 3779 920 3861 peregrinationis
952 3780 1019 3843 iter
1054 3779 1200 3862 arripuit

254 3879 347 3960 apud
372 3878 662 3961 Remesburgum,
687 3877 872 3942 transitum
895 3897 958 3960 per
977 3878 1201 3959 Hungariam

254 3985 289 4042 et
304 3978 519 4058 Bulgariam,
535 3979 626 4043 sicut
640 3984 879 4062 proposuerat,
896 3977 1088 4041 habiturus

290 4195 418 4248 ¹Dubitor
432 4199 570 4264 nucula]
592 4201 649 4251 Vol.
662 4201 679 4251 i.
692 4217 718 4262 p.
728 4206 776 4264 25,
794 4217 836 4252 see
848 4203 890 4252 the
901 4210 1025 4254 comment
1035 4207 1068 4266 by
1079 4205 1156 4253 Alau.
1170 4203 1202 4252 de

255 4268 360 4328 Insulis,
373 4273 446 4331 loce,
458 4284 484 4330 p.
499 4273 541 4319 97.
