3190 5202
453 581 592 632 suenus
616 585 885 636 msronmnuu.
1102 567 1145 639 41

190 737 297 821 juxta
319 740 605 804 consuetudinem
623 741 659 803 in
675 741 828 823 capitulo
853 743 1043 810 considere.
1095 746 1146 811 At
1158 767 1214 808 an
1226 767 1283 806 nn.

195 836 394 901 cellararius
417 840 480 902 tali
494 841 627 903 visione
650 842 854 922 perterritus
875 842 996 924 fugere
1018 846 1145 928 coepit3

195 935 267 1011 sed,
282 935 407 1000 abbate
417 937 575 1020 jubente,
601 959 622 1002 a
643 938 807 1003 fratribus
831 949 955 1023 captus
979 951 1088 1008 estet
1110 947 1146 1008 in

196 1034 386 1115 capitulum
409 1037 588 1101 adductus.
643 1038 850 1120 Increpatus
870 1059 953 1122 crgo
976 1050 1011 1105 et
1029 1045 1147 1124 gravi·

196 1140 249 1196 ter
264 1133 411 1216 flagellis
428 1135 576 1200 afflictus
594 1137 728 1201 audivit
745 1139 905 1203 abbatem
922 1140 1035 1206 dicere
1053 1162 1146 1206 com·

196 1232 371 1311 minando,
406 1235 508 1298 nimis
534 1255 611 1299 esse
632 1245 948 1319 praesumptuosum
971 1240 1014 1316 de
1036 1249 1147 1310 morte

196 1331 338 1397 alterius
374 1335 569 1417 quempiam
602 1335 736 1398 lucrum
771 1354 939 1418 quaerere,
973 1341 1147 1422 praecipue

196 1451 275 1494 cum
296 1434 384 1495 mori
411 1434 570 1498 omuibus
590 1435 635 1496 sit
655 1454 857 1514 commune;
882 1436 1014 1502 addidit
1029 1439 1146 1516 etiam,
1204 1425 1206 1430 ¹

197 1531 340 1612 impium
372 1552 460 1610 esse,
490 1552 569 1596 cum
601 1533 790 1597 monachus
819 1555 953 1598 omnem
979 1537 1086 1600 vitam
1109 1539 1147 1600 in

197 1629 432 1695 ecclesiastico
461 1634 712 1713 consumpserit
738 1631 862 1709 officio,
892 1634 989 1698 illum
1024 1637 1146 1700 saltem

197 1737 446 1810 postmortem
475 1731 579 1794 unius
604 1732 686 1794 anni
710 1732 810 1795 vitali
841 1732 1037 1797 defraudari
1065 1737 1147 1798 sub-

197 1827 286 1891 sidio
303 1849 312 1906 ;
336 1828 483 1906 ‘Vade,'
497 1830 612 1912 inquit
628 1831 749 1907 abbas,
764 1836 773 1865 ‘
793 1831 876 1913 quia
893 1833 962 1897 cito
979 1835 1147 1911 morieris,

198 1933 234 1990 et
250 1925 375 1990 fratres
399 1929 487 1992 alios
510 1936 571 1993 tuo
597 1930 730 2010 corrige
756 1931 928 2011 exemplo,
950 1951 1037 2013 quos
1063 1953 1146 1998 ava·

198 2025 288 2089 ritiae
313 2028 499 2108 corrupisti
528 2027 757 2092 documento?
811 2027 908 2092 Abiit
934 2051 1017 2112 ergo
1040 2031 1148 2096 frater

195 2125 255 2188 ille
280 2125 325 2188 ad
353 2127 466 2189 socios
493 2146 586 2202 suae,
612 2134 648 2191 et
673 2127 758 2189 nihil
775 2129 943 2192 vanitatis
966 2130 1146 2194 sevidisse

197 2232 270 2288 tam
304 2227 501 2289 recentibus
533 2226 647 2308 plagis
677 2245 780 2308 quam
805 2227 919 2290 vicino
951 2247 1015 2292 suo
1050 2230 1147 2292 obitu

196 2323 457 2389 demonstravit.

197 2462 203 2466 ι
263 2491 330 2554 Rea·
352 2489 525 2555 Willelmas
539 2489 715 2574 infirmatas
729 2490 964 2554 emendatiorem
979 2490 1076 2576 lapara

590 2590 748 2674 promisit.

250 2711 355 2778 Anno
378 2713 521 2778 Domini
541 2707 895 2778 Mx011.¹Willelmus
915 2714 1035 2797 junior
1055 2716 1149 2796 apud
1161 2733 1218 2772 nn.
1228 2733 1284 2772 1092.

200 2811 427 2876 Gloverniam
467 2814 610 2896 jacebat
650 2819 816 2894 aegrotuS,
860 2812 1149 2894 quadragesimali
1161 2783 1289 2880 iiiiii&

198 2919 353 2993 tempore
382 2912 585 2976 infirmatus.
640 2911 805 2974 Promisit
833 2931 907 2988 rex,
930 2931 1003 2994 pree
1027 2913 1149 2976 timore

199 3012 321 3074 mortis
345 3017 381 3074 et
403 3011 618 3092 aegritudinis
641 3009 896 3092 punctionibus,
921 3029 996 3074 sese
1023 3030 1150 3093 pravas

200 3109 295 3190 leges
326 3111 586 3196 emendaturum
611 3115 646 3173 et
672 3110 708 3171 in
735 3109 837 3173 domo
864 3109 1006 3172 Domini
1028 3130 1148 3192 pacem

199 3210 392 3290 positurum
405 3231 413 3289 ;
432 3204 519 3292 ²qua
532 3209 574 3272 de
589 3227 695 3272 causa
709 3208 804 3271 dedit
818 3208 1150 3296 archiepiscopatum

200 3308 486 3374 Cantuariensem
511 3307 679 3372 Anselmo
709 3309 828 3371 abbati
864 3308 1041 3386 Beccensi,
1074 3313 1149 3376 viro

199 3409 400 3486 venerabili,
427 3416 532 3491 atque
555 3401 746 3484 ³Roberto,
779 3417 1008 3488 cognomento
1036 3409 1150 3487 Bloet‚

200 3507 406 3571 cancellario
434 3528 511 3584 suo,
542 3507 637 3571 dedit
664 3507 902 3588 episcopatum
929 3507 1149 3571 Lincolnien·

199 3625 272 3668 sem
286 3627 294 3684 3
318 3606 378 3669 sed
394 3627 468 3682 rex,
484 3627 529 3670 ex
547 3626 616 3689 quo
633 3623 741 3670 sanus
762 3603 904 3667 effectus
919 3613 983 3680 est,
1000 3607 1150 3670 ostendit

200 3724 238 3767 se
262 3705 364 3768 solito
380 3705 594 3768 deteriorem.
648 3705 771 3768 Doluit
788 3703 877 3766 enim
893 3722 999 3783 supra
1012 3704 1150 3768 modum

200 3803 292 3886 quod
310 3805 546 3886 episcopatum
562 3803 840 3867 Lincoluiensem
856 3822 926 3865 non
938 3802 1151 3881 vendiderat,

201 3903 375 3985 praecipue
390 3923 430 3966 eo
445 3904 538 3986 quod
554 3903 719 3978 Thomas
739 3902 969 3965 Eboracensis
985 3902 1152 3984 archiepi-

238 4082 244 4112 ¹
259 4080 666 4150 Willelmur.]‘RexWillelmus,’
690 4098 742 4144 see,
754 4084 800 4132 but
816 4083 871 4132 that
890 4083 932 4131 the
949 4083 1012 4145 king
1022 4082 1109 4132 wbilst
1126 4083 1152 4132 iu

202 4157 232 4204 C.
689 4153 775 4202 health
798 4153 848 4202 bad
870 4152 972 4202 refused
990 4157 1016 4201 to
1034 4153 1109 4202 listen
1126 4158 1153 4202 to

236 4221 246 4254 ²
259 4225 316 4279 Qua
327 4226 355 4272 de
366 4219 460 4292 caum]
479 4227 591 4275 Eadmer
607 4239 667 4286 says
690 4224 732 4273 the
745 4223 871 4284 proposal.
912 4223 981 4272 Hist.
994 4223 1061 4272 Nov.
1073 4239 1099 4284 p.
1112 4228 1152 4274 1⁵.

200 4295 256 4343 that
279 4295 385 4343 Anselnr
410 4295 461 4344 bad
489 4298 553 4346 been
582 4295 667 4344 before
728 4289 1022 4356 'Roberto...Bloct.]
1040 4293 1083 4342 He
1093 4294 1153 4343 died

202 4365 292 4412 named
311 4379 340 4413 as
356 4381 372 4413 a
389 4366 416 4413 tit
432 4380 523 4425 person
535 4370 560 4414 to
572 4365 608 4414 fill
625 4364 667 4412 the
692 4377 724 4410 on
736 4362 778 4411 the
791 4363 849 4411 loth
862 4361 1013 4426 osJanuary
1026 4367 1100 4413 1123.
