3190 5202
447 495 492 562 ⁴6
698 509 832 560 nocnnr
857 509 905 556 nn
927 507 1135 558 wrunovnn

286 693 342 735 nn.
353 691 409 733 nu.
448 673 523 732 tum
544 665 581 728 in
600 663 956 730 Northunhumbriam
972 671 1095 730 contre
1111 664 1316 741 Robertnm,
1338 664 1411 728 ubi

449 765 486 830 in
516 764 783 830 Novo-castello
812 783 930 828 omnes
958 764 1172 846 potentiores
1197 764 1240 827 de
1265 761 1408 827 familia

450 864 585 930 comitis
610 865 702 946 cepit
718 871 754 928 et
767 847 916 930 vinculis
937 863 1172 946 mancipavit3
1196 870 1232 927 et
1249 862 1330 926 inde
1352 863 1405 926 ad

450 964 630 1028 castellum
648 965 690 1028 de
704 962 926 1046 Tynemutha
946 961 1134 1044 profectus,
1152 962 1292 1028 fratrem
1315 981 1404 1025 con-

450 1063 535 1128 sulis
553 1062 700 1128 Roberti
722 1063 813 1144 cepit
829 1063 865 1126 in
890 1081 943 1139 eo,
961 1069 997 1126 et
1019 1081 1130 1145 usque
1151 1060 1332 1126 castellum
1355 1061 1401 1123 de

451 1161 663 1244 Baanburgo
691 1161 787 1224 illum
811 1161 998 1237 adducens,
1023 1162 1183 1226 comitem
1206 1161 1401 1224 Robertunr

450 1261 576 1326 ibidem
602 1261 757 1339 obsedit3
784 1259 845 1324 sed
872 1279 950 1323 cum
977 1260 1159 1327 castellum
1181 1261 1401 1342 inexpugna-

450 1360 519 1423 bile
536 1360 697 1436 advertit,
713 1367 795 1424 ante
808 1358 990 1423 castellum
1007 1358 1093 1423 illud
1107 1359 1288 1423 castellum
1304 1357 1398 1422 uliud

450 1458 602 1540 ligneum
628 1458 837 1535 construxit,
860 1457 950 1542 quod
970 1451 1176 1522 ¹Malveisin
1198 1458 1400 1541 appellavit,

451 1558 488 1622 in
506 1577 574 1640 quo
599 1565 733 1642 partem
757 1558 932 1622 exercitus
956 1558 1010 1620 sui
1028 1556 1225 1639 relinquens
1246 1557 1327 1620 inde
1347 1575 1401 1620 re

452 1658 568 1722 cessit.
638 1657 795 1740 Cumque
820 1657 969 1740 quadam
1001 1664 1103 1721 nocte
1134 1674 1250 1719 comes
1282 1656 1326 1718 ab
1357 1675 1401 1719 eo

453 1756 542 1819 clam
564 1757 776 1832 recessisset,
801 1763 940 1820 secutus
966 1763 1020 1820 est
1043 1775 1123 1819 eum
1148 1755 1322 1818 exercitus
1343 1774 1400 1816 re-

452 1856 508 1936 gis
530 1873 640 1937 usque
662 1855 706 1917 ad
729 1854 1005 1937 Tynemutham3
1029 1855 1100 1930 ubi,
1115 1873 1193 1917 cum
1219 1853 1400 1918 defendere

453 1972 491 2016 se
518 1960 712 2030 conaretur,
746 1954 819 2017 sine
846 1954 988 2017 vidnere
1020 1961 1144 2036 captus
1170 1960 1224 2017 est
1249 1960 1284 2017 et
1307 1953 1401 2034 apud

452 2052 732 2117 Windleshoram
747 2055 992 2117 incarceratus.
1045 2053 1234 2116 Redditum
1249 2059 1304 2114 est
1318 2071 1402 2133 ergo

452 2153 527 2232 regi
552 2153 731 2218 castellum
758 2153 801 2216 de
818 2151 1043 2232 Baanburgo,
1070 2159 1106 2214 et
1123 2169 1241 2215 omnes
1265 2151 1402 2214 comitis

453 2250 605 2315 fautores
628 2253 719 2315 male
744 2252 887 2314 tractati
913 2259 1017 2329 sunt3
1040 2269 1121 2314 nam
1137 2248 1335 2314 Willelmus
1358 2250 1401 2313 de

453 2347 554 2413 Anco
570 2349 679 2414 oculis
693 2351 851 2432 privatus
860 2356 925 2425 est,
936 2357 971 2412 et
981 2348 1071 2426 Odo,
1085 2349 1205 2413 consul
1216 2347 1402 2430 Campani-

454 2447 559 2523 ensis‚
575 2455 611 2511 et
627 2449 744 2512 caeteri
758 2449 875 2529 plures
891 2448 1113 2514 exhaeredati.
1162 2447 1292 2512 Eodem
1311 2467 1403 2512 anno

454 2547 602 2627 impiger
631 2565 695 2610 rex
711 2546 922 2610 ¹Willolmus
949 2548 985 2610 in
1011 2547 1178 2611 Walliam
1210 2548 1402 2612 exercitum

456 2645 569 2722 duxit,
591 2665 633 2709 eo
659 2646 752 2726 quod
777 2665 870 2709 anno
892 2647 1068 2727 praeterito
1087 2646 1190 2709 iidem
1206 2646 1403 2710 Wallenses

456 2745 584 2808 multos
623 2744 658 2807 N
660 2763 901 2808 ermannorum
932 2745 1130 2810 occiderant
1159 2752 1194 2809 et
1223 2765 1403 2827 procerum

457 2843 698 2924 confregerant
739 2844 932 2922 firmitates,
964 2845 1146 2909 castellum
1185 2842 1227 2907 de
1264 2845 1404 2908 Monte-

457 2941 612 3006 Gomerii
634 2951 896 3025 prostraverant
910 2951 946 3008 et
960 2943 1157 3008 habitantes
1179 2944 1215 3006 in
1236 2964 1279 3007 eo
1299 2963 1403 3008 neca·

456 3049 592 3119 verant,
619 3043 700 3123 igne
722 3050 758 3106 et
781 3043 872 3106 ferro
891 3043 1055 3107 finitimos
1078 3050 1316 3122 conterentes;
1340 3063 1403 3107 rex

457 3139 564 3220 igitur
588 3142 785 3206 Willelmus
813 3162 931 3206 omnes
953 3143 1039 3206 fines
1062 3142 1202 3206 WaJliae
1232 3142 1405 3206 hostiliter

457 3239 685 3320 perlustrans,
702 3261 779 3304 cum
802 3241 839 3304 in
864 3243 1033 3306 montium
1057 3240 1271 3305 diverticulis
1291 3249 1326 3306 et
1343 3243 1403 3305 sil-

461 3356 581 3403 varum
604 3339 842 3403 densitatibus·
856 3341 951 3422 ipsos
979 3341 1139 3423 persequi
1166 3360 1237 3404 non
1258 3341 1405 3419 valeret,

458 3456 580 3520 parum
606 3439 790 3522 proficiens
812 3439 856 3503 ad
878 3441 1019 3524 propria
1043 3441 1221 3504 remeavit.
1274 3441 1405 3504 Eodem

458 3544 613 3620 tempore
638 3540 748 3604 stellae
772 3539 814 3603 de
840 3540 926 3604 caelo
949 3540 1072 3603 cadere
1091 3539 1176 3603 visae
1198 3547 1293 3616 sunt,
1317 3539 1404 3604 adeo

459 3638 580 3720 spissae
601 3639 694 3721 quod
717 3659 786 3703 non
808 3646 970 3720 poterant
993 3637 1187 3716 numerari3
1208 3639 1301 3702 inter
1317 3657 1405 3719 quas

459 3756 537 3800 cum
551 3758 657 3801 unam
681 3757 843 3819 magnam
856 3737 997 3819 quidam
1014 3737 1086 3801 labi
1100 3739 1136 3800 in
1154 3735 1272 3802 Gallia
1287 3745 1406 3820 stupe·

459 3842 523 3912 ret,
542 3856 621 3899 cum
644 3844 765 3902 notato
788 3837 864 3899 loco
891 3855 1017 3919 aquam
1036 3837 1085 3900 ibi
1101 3836 1258 3914 fudisset,
1275 3837 1406 3900 fumum

459 3955 537 3999 cum
551 3937 707 4001 stridoris
725 3955 809 4000 sono
826 3935 868 3999 de
884 3941 977 4000 terra
991 3938 1098 4013 exire,
1113 3935 1293 4017 obstupuit
1306 3936 1408 4001 vehe-

459 4042 600 4101 menter.

493 4212 678 4280 ¹Maloeiein,·]
699 4219 782 4267 called
801 4219 855 4268 uiso
877 4219 1048 4281 ‘Malvoisinf
1068 4233 1097 4267 or
1119 4215 1292 4283 ‘Mnlricine‚’
1318 4235 1335 4270 a,
1356 4221 1407 4270 bad

457 4283 607 4345 neighbour.
640 4287 834 4348 spernente.
