3144 5180
461 521 528 587 318
718 537 854 586 nocam
879 538 925 585 uu
948 538 1156 587 wuuuovua

299 715 423 804 fflgssm·
462 703 539 760 rato
568 715 659 760 nuuc
682 695 727 759 ad
749 715 876 778 papam
903 697 1119 779 appellamus
1144 715 1206 779 per
1232 697 1414 778 scriptum,

300 815 421 906 xpm.
449 804 499 886 et
517 794 761 877 appellationis
784 796 966 859 terminum
990 795 1081 859 diem
1104 794 1315 859 ascensionis
1336 795 1414 861 Do-

463 894 598 957 mruieee
614 894 860 975 assignamus!

488 1065 635 1152 Epistola
651 1064 732 1134 lectt
749 1065 877 1142 illoram
896 1065 1131 1149 Contaminata
1145 1063 1382 1149 archiepisopi,

673 1165 720 1230 od
734 1165 884 1250 piscopos
899 1164 1111 1250 saffrcqcaeoa
1122 1184 1200 1228 saus.

302 1307 399 1348 sareu·
506 1283 701 1366 ‘Thomas‚¹
716 1287 979 1354 cantuariensis
991 1257 1417 1371 archiepiscopussuffra-

302 1369 391 1400 ‘m
462 1390 584 1470 ganeis
599 1390 682 1454 suis.
720 1388 965 1452 Fraternitatis
981 1394 1108 1451 vestrae
1123 1388 1302 1470 scriptum,
1317 1386 1413 1466 quod

461 1495 579 1552 tamen
600 1487 643 1550 de
664 1487 837 1551 communi
851 1493 969 1551 vestro
987 1486 1131 1552 consilio
1150 1506 1221 1551 non
1241 1485 1415 1549 eredimus

461 1604 654 1662 emanasse,
684 1605 794 1667 nuper
819 1586 1045 1668 suscepimus
1072 1585 1172 1667 cujus
1197 1584 1415 1648 continentia

461 1684 540 1766 plus
564 1683 669 1748 habet
686 1684 922 1749 mordacitatis
943 1703 1047 1767 quam
1066 1685 1203 1762 solatii3
1226 1689 1261 1746 et
1279 1683 1414 1746 utinam

461 1783 574 1865 magis
595 1784 756 1847 emissum
779 1790 871 1847 esset
895 1784 938 1847 de
960 1784 1116 1849 caritatis
1144 1783 1280 1859 effectu,
1306 1800 1412 1863 quam

461 1882 504 1945 de
521 1881 719 1946 obedientia
729 1882 941 1946 voluntatis!
981 1883 1071 1946 Dico
1088 1881 1199 1958 vobis,
1213 1881 1312 1944 salva
1326 1899 1416 1962 pace

460 1988 590 2058 vestra,
613 1981 707 2063 quod
733 1981 843 2044 multo
864 1989 1018 2063 tempore
1039 1981 1131 2057 silui,
1151 1987 1359 2062 exspectans
1379 1980 1414 2041 si
1439 2041 1444 2044 .

461 2079 549 2144 forte
571 2079 757 2162 inspiraret
770 2080 868 2143 vobis
892 2079 1000 2144 Deus
1012 2087 1052 2143 nt
1074 2077 1292 2143 resumeretis
1308 2079 1417 2154 vires,

461 2179 521 2260 qui
544 2180 703 2243 conversi
725 2179 809 2241 estis
832 2184 1020 2243 retrorsum
1040 2179 1078 2241 in
1097 2178 1152 2241 die
1173 2178 1267 2255 belli,
1287 2179 1317 2259 si
1341 2177 1415 2239 sal-

461 2284 531 2342 tem
558 2277 684 2359 aliquis
711 2296 756 2340 ex
779 2277 878 2341 vobis
900 2278 1103 2341 ascenderet
1124 2296 1169 2340 ex
1193 2276 1352 2352 adverso,
1376 2283 1416 2339 et

461 2383 653 2457 opponeret
678 2394 715 2438 se
737 2394 872 2438 murum
893 2395 956 2458 pro
978 2376 1080 2439 domo
1103 2375 1227 2452 Israel,
1248 2382 1283 2439 et
1299 2381 1415 2438 certa-

462 2493 539 2536 meu
561 2473 665 2537 iniret
686 2481 808 2537 contra
830 2491 902 2551 eoa,
925 2475 985 2556 qui
1007 2493 1077 2538 uon
1094 2481 1233 2552 cessant
1256 2473 1415 2555 quotidie

461 2574 670 2654 exprobrare
688 2573 819 2653 agmini
834 2574 902 2637 Dei
915 2593 924 2652 ;
948 2573 1008 2636 sed
1023 2592 1091 2636 nou
1105 2573 1230 2654 estqui
1244 2572 1414 2636 ascendit.

461 2668 485 2732 J
488 2670 604 2734 udicet
626 2690 709 2752 ergo
733 2671 831 2734 Deus
852 2672 945 2735 inter
966 2691 1021 2735 me
1043 2677 1080 2734 et
1096 2690 1172 2748 vos,
1197 2678 1232 2735 et
1258 2670 1415 2752 requirat

461 2768 616 2832 ecclesiae
638 2768 873 2833 confusionem
896 2770 939 2834 de
961 2771 1120 2833 manibus
1137 2769 1274 2846 vestris,
1296 2787 1415 2849 quam,

461 2866 546 2930 velit
573 2868 659 2931 nolit
690 2869 852 2946 mundus,
879 2887 1018 2934 necesse
1048 2878 1102 2932 est
1125 2868 1162 2931 iu
1187 2869 1292 2932 verbo
1318 2875 1415 2932 stare

462 2965 541 3042 Dei,
566 2965 691 3049 inquo
717 2965 862 3031 fundata
887 2974 953 3044 est,
981 2967 1090 3032 donec
1110 2965 1206 3031 venit
1229 2966 1315 3030 hora
1334 2965 1414 3048 ejus

460 3071 499 3127 ut
515 3072 671 3129 transeat
686 3084 730 3128 ax
745 3064 810 3129 hoc
826 3065 955 3130 mundo
973 3067 1016 3129 ad
1036 3065 1188 3142 Patrem.
1228 3064 1415 3129 Exciditne

460 3182 483 3226 a
505 3163 670 3228 memoria
686 3172 803 3232 vestra
821 3165 903 3247 quid
926 3171 1089 3246 ageretur
1116 3183 1250 3228 mecum
1273 3170 1309 3228 et
1332 3183 1413 3226 cum

460 3262 607 3326 ecclesia
636 3263 703 3327 Dei
731 3263 823 3345 apud
847 3263 1161 3346 Norhamptonam,
1184 3271 1263 3326 cum
1285 3263 1413 3326 iterum

455 3361 672 3444 judicaretur
705 3361 864 3426 Christus
893 3362 928 3424 in
960 3381 1108 3444 persona
1137 3381 1213 3425 mea
1238 3369 1321 3424 ante
1347 3361 1413 3424 tri-

459 3460 565 3523 buual
587 3460 756 3543 praesidis,
785 3479 863 3524 cum
887 3467 1081 3525 arctaretur
1104 3460 1232 3544 praesul
1258 3460 1413 3524 cantua-

460 3559 582 3622 riensis
612 3561 657 3623 ob
686 3559 831 3642 injurias
855 3560 921 3624 sibi
946 3566 982 3623 et
1007 3560 1162 3623 ecclesiae
1189 3558 1256 3622 Dei
1281 3559 1412 3640 passim

459 3656 576 3721 illatas
608 3666 643 3723 et
669 3665 851 3739 cogeretur
879 3658 1075 3723 Romanam
1107 3658 1318 3722 audientiam
1348 3675 1415 3738 ap-

459 3756 612 3836 pellaret
665 3755 754 3835 Quis
782 3776 936 3840 uuquam
960 3757 1047 3822 vidit
1072 3757 1129 3821 vel
1160 3756 1293 3821 audivit
1318 3754 1414 3819 Can-

459 3855 666 3918 tuariensem
695 3855 989 3939 archiepiscopum
1009 3856 1172 3939 judicari,
1190 3855 1416 3919 condemnari

458 3954 503 4016 ad
531 3953 785 4038 fidejussionem
810 3955 846 4018 in
872 3957 969 4019 curia
987 3956 1091 4036 regiS,
1116 3961 1151 4019 at
1177 3954 1296 4018 esuis
1322 3973 1414 4036 prae-

458 4053 559 4135 cipue
573 4053 843 4135 suffraganeis-l
862 4053 899 4117 Si
916 4053 1016 4118 nobis
1032 4053 1283 4130 recedentibus,
1301 4058 1342 4120 ut
1359 4053 1415 4115 di-

509 4275 515 4305 ¹
527 4278 650 4341 rernm]
667 4277 791 4340 Compara
803 4278 904 4341 Diceto,
915 4278 963 4327 col.
976 4280 1035 4339 644,
1045 4277 1109 4325 with
1120 4278 1166 4326 lib.
1179 4277 1197 4326 i.
1209 4290 1250 4337 ep.
1263 4276 1358 4325 cxxvii.
