3144 5180
454 555 521 620 me
705 571 840 622 aoonru
864 571 911 618 ne
935 569 1143 620 wasoovsa

294 739 416 830 gig-0¹1¹&-
455 731 575 811 itaque
588 728 799 810 aliquamdiu
816 729 1031 810 poenitentiae
1047 745 1120 792 suae
1130 727 1324 810 proposito,
1337 727 1405 790 iter

294 838 411 884 &With
455 828 598 894 'taudem
620 827 897 909 praemeditatum
919 825 1077 909 arripuit,
1099 834 1140 890 ut
1160 825 1204 889 ad
1222 826 1406 891 Wllricum

459 927 526 994 Dei
544 927 690 992 amioum
706 927 851 1003 veniret,
868 933 915 1004 et,
930 932 1109 990 transacto
1121 924 1229 1007 longo
1243 925 1310 988 viar
1324 944 1406 1007 spa-

458 1027 521 1102 rio,
536 1027 579 1090 ad
599 1026 724 1091 vadum
742 1024 880 1108 quidem
898 1025 992 1089 illius
1010 1025 1174 1101 fluminis,
1192 1024 1284 1106 quod
1303 1032 1405 1087 extra

460 1125 711 1207 Heselbergam
730 1125 838 1190 situm
859 1132 923 1201 est,
940 1125 1101 1200 accessit,
1119 1124 1186 1187 iter
1204 1142 1307 1186 suum
1331 1123 1405 1186 Do·

460 1225 554 1290 mino
578 1230 825 1306 prosperante3
855 1223 910 1287 vir
934 1229 1049 1286 autem
1074 1221 1145 1298 ille,
1175 1242 1252 1285 cum
1277 1222 1405 1288 vadum

460 1323 584 1390 fuisset
601 1323 781 1405 ingressus
798 1330 834 1388 et
853 1321 896 1386 de
915 1321 1008 1386 beati
1023 1320 1161 1387 Wlsrici
1179 1322 1407 1385 subventione

460 1441 556 1505 spem
573 1429 703 1488 certam
720 1421 946 1504 concepisset,
963 1420 1163 1503 supervenit
1179 1419 1337 1484 diabolus
1354 1421 1407 1485 ira

460 1521 560 1602 gravi
579 1538 778 1598 succensus,
798 1527 833 1586 et
848 1538 970 1584 manus
989 1520 1025 1583 in
1048 1519 1220 1584 bominem
1236 1520 1408 1583 violentas

461 1619 651 1686 immittens
673 1619 849 1683 infremuit
881 1625 916 1683 et
941 1619 1004 1696 ait,
1034 1617 1156 1696 ‘Quid
1182 1617 1258 1695 est,’
1282 1619 1409 1701 inquit,

462 1716 652 1801 ‘proditor,
672 1717 764 1800 quod
782 1717 895 1784 iacere
912 1718 1082 1784 voluistil
1107 1717 1245 1782 Moliris
1266 1724 1408 1799 pactum

463 1825 618 1884 nostrum
644 1817 845 1895 dissolvere,
872 1817 933 1882 sed
962 1817 1103 1894 frustra,
1127 1817 1210 1899 quia
1240 1816 1407 1900 proditio-

462 1916 528 1994 uis,
552 1935 622 1998 qua
642 1917 722 1982 olim
747 1916 824 1982 Deo
846 1916 1051 1980 renuntiasti
1067 1923 1104 1980 et
1119 1934 1190 1998 qua
1211 1935 1301 1979 nuno
1324 1916 1410 1979 mibi

463 2016 661 2080 renuntiare
692 2014 838 2098 cogitas,
866 2016 1001 2095 solvere
1022 2034 1145 2098 poenas
1166 2015 1267 2078 modo
1292 2014 1410 2093 debes,

464 2115 639 2198 quiajam
661 2115 901 2182 miserabiliter
926 2114 1156 2196 submergeris
1170 2114 1197 2194 ς’
1228 2122 1262 2178 et
1286 2123 1409 2178 tenens

464 2233 542 2278 oum
556 2213 713 2278 diabolus
733 2215 784 2278 ita
801 2213 1009 2280 immobilem
1028 2210 1125 2292 fecit,
1141 2214 1232 2296 quod
1247 2233 1310 2277 nec
1329 2233 1411 2296 pro-

454 2312 585 2390 aedere
596 2333 659 2378 neo
675 2311 709 2377 in
724 2313 818 2402 latus
828 2312 972 2399 aliquod.
982 2313 1092 2377 valuit
1106 2313 1289 2377 declinare.
1313 2313 1407 2376 Dum

464 2413 539 2476 baro
552 2419 735 2494 agerentur
749 2413 786 2475 in
800 2412 1019 2489 dominavit
1036 2411 1104 2477 Dei
1114 2411 1292 2489 Wlfrious,
1305 2413 1409 2477 rebus

466 2531 544 2593 quae
570 2511 699 2575 fiebant
717 2530 739 2574 a
761 2511 838 2576 Deo
865 2511 931 2574 sibi
952 2531 1015 2593 per
1038 2511 1196 2594 spiritum
1216 2511 1410 2594 prophetiae

466 2610 641 2687 revelatis,
664 2610 804 2674 vocavit
826 2610 1065 2694 presbyterum
1086 2629 1187 2674 suum
1209 2610 1254 2674 ad
1277 2630 1327 2688 so,
1350 2632 1410 2675 no

466 2708 557 2772 mine
570 2707 792 2784 Britbricum,
807 2716 842 2773 et
857 2709 920 2786 ait,
931 2708 1138 2787 ‘Accelera,'
1148 2708 1273 2790 inquit,
1285 2715 1294 2746 ‘
1306 2718 1341 2773 et
1352 2729 1410 2774 as·

466 2814 605 2889 sumpta
622 2827 722 2874 cruce
737 2827 815 2870 eum
832 2827 927 2890 aqua
942 2808 1124 2873 benedicta
1142 2827 1284 2872 occume
1300 2808 1412 2873 bomi-

467 2905 514 2981 ni,
530 2924 631 2987 quem
648 2904 805 2972 diabolus
819 2906 855 2970 in
870 2907 972 2985 vado,
987 2907 1079 2990 quod
1096 2915 1197 2972 extra
1212 2908 1329 2973 villam
1344 2916 1411 2986 est,

466 3005 643 3085 captivum
675 3011 781 3082 tenet,
807 3012 842 3070 et
865 3024 1052 3089 aspergens
1082 3026 1159 3070 eum
1187 3024 1279 3088 aqua
1306 3008 1411 3071 bene·

466 3102 561 3168 diota
575 3103 726 3170 adduces
741 3105 785 3169 ad
800 3125 855 3169 me
867 3103 887 3184 ;’
912 3112 949 3169 at
964 3105 1023 3168 ille
1039 3125 1118 3170 oum
1140 3125 1275 3169 summa
1289 3106 1410 3170 eeleri-

467 3208 540 3266 tate
561 3201 605 3268 ad
629 3203 800 3284 imperata
824 3204 890 3266 iter
913 3204 1080 3285 arripiens
1100 3203 1245 3281 invenit,
1268 3205 1359 3280 sient
1379 3207 1412 3269 ei

466 3300 595 3364 dietum
613 3301 738 3378 fuerat,
751 3301 922 3366 hominem
938 3303 973 3365 in
985 3301 1075 3367 vado
1090 3321 1180 3384 equo
1195 3303 1413 3381 insidentem,

459 3399 517 3466 ita
539 3407 574 3463 et
597 3399 632 3462 in
658 3418 749 3482 aqua
770 3401 989 3465 immobiliter
1012 3401 1133 3478 fixum,
1156 3402 1247 3483 quod
1270 3400 1312 3464 da
1335 3403 1412 3467 loco

466 3518 536 3564 uon
553 3499 668 3580 potuit
686 3518 725 3562 se
740 3519 877 3564 movere
891 3519 899 3578 ;
927 3517 1029 3582 quem
1046 3508 1085 3564 ut
1101 3498 1189 3564 vidit
1206 3501 1414 3578 Brithrious,

466 3597 625 3678 protinus
647 3597 683 3660 in
700 3597 863 3664 virtutem
887 3599 1044 3680 magistri
1062 3599 1115 3664 sui
1138 3618 1229 3680 aqua
1251 3601 1412 3664 benedie-

467 3703 504 3758 ta
526 3695 696 3762 bominem
719 3696 928 3778 perfundens
950 3699 984 3760 iu
1013 3699 1150 3762 nomine
1172 3698 1196 3761 J
1198 3717 1259 3762 esu
1283 3698 1415 3763 Christi

466 3794 619 3876 praedam
652 3795 807 3862 excussit
832 3802 868 3859 et
894 3796 1090 3877 praedonem
1120 3796 1269 3878 fugavit,
1293 3798 1415 3879 sicque

466 3893 642 3976 captivum
667 3894 711 3957 de
732 3895 832 3976 aquis
856 3913 1034 3958 assumens
1058 3915 1135 3959 oum
1163 3896 1286 3958 laetitia
1309 3896 1414 3960 duxit

466 3990 509 4056 ad
525 3991 636 4056 virum
651 3992 729 4069 Dei,
745 3993 807 4074 qui
820 3994 957 4058 interim
977 4013 1041 4077 pro
1059 3993 1197 4057 miseria
1216 3995 1292 4076 ejus
1307 4015 1415 4058 orans

458 4110 587 4155 manus
614 4089 762 4156 babebat
783 4092 826 4156 ad
852 4092 978 4159 Deum.
1031 4092 1248 4174 Sequebatur
1271 4112 1293 4156 a
1314 4102 1415 4175 tergo

465 4187 599 4254 daemon
625 4190 798 4272 quondam
823 4191 994 4256 homiuem
1024 4210 1136 4267 suum,
1164 4212 1265 4272 quem
1291 4193 1415 4257 videns

464 4295 615 4354 stantem
640 4297 720 4352 ante
749 4291 858 4355 virum
887 4291 953 4355 Dei
981 4291 1208 4373 apprehendit
1237 4311 1313 4354 eum
1344 4293 1416 4355 cla·
