3144 5180
434 509 501 574 252
694 519 828 570 nocant
852 522 900 567 on
923 519 1131 568 wasuovna

273 701 327 740 nn.
341 703 396 741 nn.
437 687 502 744 tes.
544 678 647 756 Quod
666 679 786 750 videns
811 679 1000 760 imperator
1014 679 1241 742 contristatus
1256 683 1310 738 est
1328 695 1391 740 ve·

273 751 415 840 ifi‘iliri‘a
437 779 627 854 hementer,
653 784 690 840 et
710 777 817 861 jussit
841 776 1008 841 ministris
1042 777 1129 853 suis,
1151 783 1203 852 ut,
1231 775 1391 856 expulsis

273 849 310 888 'h‘
322 861 424 900 ‘mm'
438 878 483 941 ab
503 875 650 940 ecclesia
673 877 878 940 scismaticis
899 875 981 953 illis,
999 875 1159 939 sedarent
1179 874 1389 950 tumultum3

438 975 531 1058 quod
564 994 641 1039 cum
672 975 802 1039 facturn
837 975 971 1051 l'uisset,
1000 975 1189 1057 imperator
1222 972 1390 1054 praelatos

438 1075 517 1138 illos
548 1075 702 1154 graviter
733 1075 913 1156 increpans
939 1073 1047 1156 jussit
1075 1079 1114 1138 ut
1138 1071 1304 1137 violatam
1319 1091 1390 1134 re·

438 1173 663 1238 conciliarent
685 1172 877 1249 ecclesiam,
900 1177 943 1234 ne
975 1172 1012 1235 in
1040 1178 1139 1235 tanta
1166 1170 1389 1234 solemnitate

439 1291 461 1336 a
476 1272 658 1334 missarum
680 1271 855 1354 obsequiis
877 1270 1071 1334 defraudati
1095 1270 1245 1351 Spiritus
1266 1269 1388 1332 Sancti

439 1371 669 1453 praepedirent
688 1370 887 1434 adventum.
940 1369 1069 1433 Sedato
1090 1370 1210 1450 itaque
1235 1367 1388 1431 tumultu

440 1477 474 1533 et
498 1469 645 1534 ecclesia
667 1474 843 1550 utcunque
866 1467 1101 1544 reconciliata,
1116 1467 1315 1531 inchoatum
1331 1475 1388 1532 est

438 1567 553 1630 missae
568 1566 728 1644 officium,
743 1574 778 1630 et
789 1567 870 1632 licet
887 1575 1015 1631 temere
1026 1567 1149 1630 fuisset
1163 1572 1387 1644 attentatum,

439 1666 529 1731 sicut
547 1685 660 1729 rerum
679 1665 795 1730 exitus
817 1665 994 1732 evidenter
1015 1664 1178 1741 ostendit,
1196 1671 1311 1727 tamen
1325 1684 1387 1728 us-

439 1784 506 1846 que
534 1764 578 1827 ad
602 1765 774 1846 evangelii
801 1765 1123 1846 pronunciationem
1153 1770 1208 1827 est
1238 1764 1388 1844 perduc-

438 1871 541 1941 tum;
575 1864 635 1927 sed
667 1883 745 1928 cum
779 1864 904 1927 chorus
935 1864 1160 1928 novissimum
1194 1864 1386 1945 sequentiae

438 1981 575 2026 versum
594 1970 844 2044 percantasset,
862 1968 872 1998 ‘
889 1962 996 2025 Hunc
1018 1962 1108 2025 diem
1126 1961 1315 2043 gloriosum
1333 1961 1387 2025 fe·

438 2062 540 2139 cisti,’
563 2061 693 2126 levavit
719 2081 838 2126 vocem
863 2081 961 2125 suam
984 2060 1141 2124 diabolus
1164 2061 1200 2123 in
1223 2060 1386 2139 excelsis,

437 2167 472 2223 et
501 2161 663 2225 distincte
686 2161 730 2224 ad
754 2159 1027 2242 intelligendum,
1053 2160 1187 2222 cunctis
1212 2159 1389 2223 audienti-

436 2260 514 2337 bus,
531 2268 673 2325 cantare
693 2259 812 2341 coepit,
838 2264 848 2294 ‘
865 2259 971 2323 Hunc
988 2259 1078 2322 diem
1094 2258 1295 2322 bellicosum
1316 2279 1385 2339 ego

437 2358 526 2423 feci!
578 2358 682 2422 Hanc
705 2359 824 2440 itaque
839 2378 958 2422 vocem
983 2357 1070 2421 adeo
1095 2357 1281 2421 terribilem
1304 2377 1385 2422 oum

436 2476 554 2520 omnes
578 2457 844 2533 intellexissent,
863 2458 1117 2521 contuebantur
1133 2475 1209 2519 sese
1231 2456 1276 2519 ad
1294 2457 1385 2521 invi-

435 2574 508 2618 cem
535 2556 675 2636 siuguli,
691 2555 901 2620 admirantes
924 2555 1007 2638 quid
1033 2555 1099 2619 hoc
1124 2563 1227 2618 esset.
1280 2555 1384 2621 Tunc

434 2655 633 2735 imperator,
660 2655 719 2738 qui
737 2656 790 2720 vir
813 2662 888 2719 erat
908 2655 1059 2736 prudens
1082 2661 1118 2718 et
1143 2653 1290 2718 devotus
1313 2654 1384 2718 Dei

435 2753 560 2830 cultor,
586 2754 831 2818 animadvertit
854 2773 974 2819 vocem
1006 2773 1082 2816 esse
1111 2753 1275 2816 Satbanae
1301 2755 1384 2818 sub-

433 2852 614 2916 sannantis
636 2860 672 2917 et
695 2853 960 2935 improperantis
985 2859 1057 2916 tam
1078 2871 1218 2916 enorme
1242 2851 1383 2915 dissidi-

434 2969 493 3014 um
509 2951 745 3033 praelatorum,
764 2959 799 3015 et
816 2952 981 3034 praecepit
996 2951 1173 3028 continuo,
1189 2959 1229 3014 ut
1246 2950 1381 3014 archie-

433 3051 609 3132 piscopus,
624 3052 685 3132 qui
701 3051 841 3114 missam
863 3058 938 3114 erat
961 3051 1208 3126 celebraturus,
1226 3049 1382 3114 casulam

433 3149 621 3231 deponeret
630 3150 738 3215 donec
751 3169 855 3232 super
863 3156 963 3213 tanta
973 3149 1102 3233 injuria
1116 3149 1260 3231 Spiritui
1271 3149 1383 3214 Sanc·

433 3255 469 3312 to
489 3248 579 3312 foret
600 3248 829 3326 satisfactum,
853 3250 913 3330 qui
932 3267 975 3311 ea
994 3248 1049 3312 die
1071 3248 1161 3311 solet
1183 3247 1282 3313 donis
1307 3249 1383 3312 suis

395 3376 398 3382 ·
430 3348 586 3429 mysticis
601 3347 706 3411 corda
725 3345 876 3410 fidelium
891 3347 1078 3411 illustrare.
1112 3346 1248 3411 Deinde
1267 3346 1383 3411 famu—

431 3445 484 3509 los
500 3465 582 3510 suos
597 3447 737 3510 mittens
752 3466 815 3528 per
827 3446 963 3528 plateas
974 3453 1010 3510 et
1020 3447 1116 3510 vicos
1130 3445 1282 3509 civitatis
1297 3445 1385 3512 fecit

431 3547 615 3610 convenire
632 3564 802 3628 pauperes
820 3564 939 3610 omnes
957 3553 992 3609 et
1012 3544 1141 3609 debiles
1158 3544 1248 3607 infra
1270 3546 1385 3609 eccle·

432 3642 519 3706 siam
545 3644 709 3708 violatam
737 3652 773 3708 et
794 3650 923 3723 extra3
950 3643 1144 3707 esurientes
1165 3643 1276 3725 pavit,
1303 3644 1382 3707 siti-

431 3749 529 3805 entes
544 3744 693 3825 potavit,
709 3742 821 3806 nudos
834 3744 988 3820 vestivit,
1004 3743 1238 3807 calceamenta
1261 3762 1382 3806 neces-

431 3835 569 3905 sitatem
588 3842 795 3905 habentibus
814 3843 994 3923 erogavit3
1018 3842 1060 3904 de
1078 3843 1217 3905 senibus
1235 3848 1270 3904 et
1287 3842 1382 3907 vale-

430 3939 624 4021 tudinarijs,
649 3941 709 4021 qui
734 3942 770 4005 in
797 3941 951 4023 grabatis
972 3941 1139 4024 jacebant
1163 3959 1225 4022 per
1246 3941 1382 4020 urbem,

428 4036 519 4101 idem
545 4039 639 4116 fecit,
662 4057 802 4103 aureum
834 4039 979 4121 singulis
1002 4040 1159 4116 donavit,
1191 4037 1384 4121 injungens

428 4138 574 4211 cunctis,
601 4145 640 4200 ut
666 4139 817 4203 divinam
844 4139 1067 4221 implorarent
1095 4137 1381 4218 misericordiam,

429 4253 471 4298 ne
488 4236 618 4318 populo
636 4257 700 4300 suo
720 4239 907 4320 imputaret
929 4238 1153 4319 praelatorum
1180 4238 1384 4318 superbiam
