3178 5194
460 545 527 610 366
715 561 850 610 noonnr
875 563 922 611 nu
945 563 1151 612 wunnovna

300 737 423 779 alt-11⁷1·
461 723 616 788 bernium
638 724 796 803 intravit,
826 723 886 789 ubi
912 723 1162 806 archiepiscopi
1192 732 1229 788 et
1255 724 1410 808 episcopi

461 821 575 905 ipsum
598 823 634 887 in
660 843 778 906 regem
806 831 842 888 et
871 822 1047 887 dominum
1079 831 1286 906 receperunt
1314 832 1351 889 et
1379 826 1412 889 ei

462 921 664 998 fidelitatem
688 923 907 1007 juraverunt.
962 916 1137 1004 ¹Regulus
1165 922 1208 987 de
1234 922 1411 1006 Limeleie,

461 1015 604 1103 ¹regulus
635 1021 679 1086 de
712 1021 837 1100 Chore,
870 1028 906 1086 et
929 1021 1083 1103 regulus,
1113 1020 1174 1104 qui
1201 1021 1410 1086 Monoculus

461 1119 653 1198 dicebatur,
676 1121 708 1184 ei
731 1120 929 1202 homagium
952 1119 1185 1203 juraverunt3
1218 1119 1410 1185 Rodericus

461 1216 740 1303 autem'regulus
759 1219 803 1282 do
826 1218 986 1293 Comuat,
1011 1217 1094 1303 quia
1114 1211 1219 1301 regio
1235 1239 1340 1302 quam
1356 1220 1410 1283 in-

461 1317 644 1383 habitabat
661 1318 907 1384 inaccessibilis
925 1324 991 1395 est,
1013 1317 1198 1400 paludibus
1220 1319 1335 1383 nimiis
1356 1319 1410 1383 in·

462 1415 721 1501 terjacentibus,
744 1418 781 1482 in
801 1417 926 1500 quibus
949 1435 1013 1480 noc
1027 1416 1118 1481 vada
1138 1417 1330 1496 commoda,
1347 1439 1411 1483 nee

461 1522 585 1598 pontes
612 1517 735 1599 pervii,
762 1536 826 1581 nec
852 1515 1032 1598 navigatio
1055 1521 1132 1580 tuta
1157 1515 1316 1595 habetur,
1334 1519 1410 1599 regi

461 1633 640 1680 occurrere
653 1616 859 1699 supersedit.
892 1615 1022 1679 Eodem
1037 1632 1129 1680 anno
1140 1615 1177 1680 in
1193 1613 1282 1680 festo
1297 1618 1410 1681 sancti

462 1712 615 1790 Nicolai,
635 1715 729 1798 apud
745 1713 1007 1792 Albemarliam,
1023 1714 1196 1797 Rogerus,
1214 1714 1408 1779 Eboracen-

461 1813 511 1876 sis
521 1813 812 1898 archiepiscopus,
829 1815 986 1898 praestito
998 1812 1209 1898 juramento,
1220 1813 1311 1896 quod
1327 1822 1408 1878 ants

460 1912 718 1978 coronationem
750 1914 832 1978 novi
856 1914 948 1996 regis
972 1913 1093 1977 literas
1121 1912 1363 1995 prohibitionis
1388 1931 1411 1978 a

461 2010 600 2075 domino
613 2009 706 2096 papa
721 2032 942 2096 nequaquam
963 2018 1175 2095 susceperat,
1198 2019 1235 2076 et
1256 2012 1349 2094 quod
1372 2032 1411 2077 se

461 2110 535 2191 regi
564 2111 608 2174 de
633 2112 940 2182 consuetudinibus
966 2113 1064 2193 regni
1090 2111 1314 2176 observandis
1341 2131 1410 2176 nou

461 2209 690 2291 obligaverat,
719 2211 880 2295 quodque
911 2216 1057 2274 mortem
1084 2210 1229 2284 Thomas
1267 2210 1408 2292 gloriosi

461 2309 623 2392 martyris
650 2330 714 2375 nec
739 2311 856 2387 verbo,
880 2328 945 2373 nec
970 2309 1109 2391 scripto,
1138 2329 1201 2373 nec
1226 2308 1321 2374 facto
1343 2311 1410 2374 sci-

460 2415 559 2471 enter
572 2416 831 2491 procuraverat,
847 2408 890 2472 ad
907 2406 1010 2473 officii
1024 2407 1079 2471 sui
1092 2415 1146 2472 est
1160 2408 1407 2491 plenitudinem

460 2507 653 2572 restitutus.

476 2679 526 2744 De
540 2678 786 2745 rrcmeib'atioae
804 2677 1039 2744 curarimus
1053 2676 1258 2764 aarum
1272 2689 1396 2746 moram

810 2777 912 2844 acori
929 2777 1058 2842 lbomae.

511 2891 611 2963 Post²
622 2906 768 2963 mortem
781 2900 876 2964 beati
891 2898 1036 2965 Tbomae
1051 2899 1213 2983 martyris
1229 2901 1301 2965 fere
1317 2920 1408 2966 anno

461 2996 596 3079 integro
618 2997 765 3062 ecclesia
791 2998 1052 3063 Cantuariensis
1078 3018 1100 3062 a
1121 2999 1248 3064 divinis
1269 3001 1426 3064 cessans

461 3096 647 3179 obsequiis,
672 3097 845 3162 continuis
873 3099 1026 3181 perstitit
1056 3098 1093 3161 in
1123 3098 1292 3175 lamentis,
1325 3100 1408 3163 sub·

461 3213 600 3259 versum
615 3202 668 3260 est
681 3196 836 3261 ecclesiae
858 3198 1106 3280 pavimentum,
1122 3216 1229 3261 sonus
1245 3205 1300 3261 est
1316 3217 1409 3261 cam-

460 3313 629 3375 panarum
651 3313 851 3378 suspensae,
880 3294 1000 3360 nudati
1024 3303 1106 3360 sunt
1128 3297 1278 3379 parietes
1308 3316 1410 3361 orna-

460 3395 598 3471 mentis,
615 3401 650 3459 et
673 3395 724 3459 sio
746 3396 847 3478 quasi
871 3395 907 3459 in
929 3395 1044 3459 cinere
1064 3402 1100 3458 et
1115 3396 1227 3460 cilicio
1243 3397 1409 3478 exequias
1514 3437 1515 3440 =

459 3490 495 3555 in
518 3493 661 3557 tristitia
683 3500 718 3557 et
739 3513 887 3559 moerore
912 3493 1102 3577 persolvit3
1128 3493 1188 3558 sed
1202 3494 1341 3558 tandem
1364 3495 1409 3558 ad

460 3592 581 3656 matris
606 3611 679 3655 suae
707 3593 984 3657 Dorobomensis
1008 3593 1162 3657 ecclesiae
1178 3594 1408 3670 vocationem,

458 3689 597 3755 infesto
611 3691 723 3755 sancti
742 3690 887 3756 Tbomae
910 3691 1072 3774 apostoli,
1094 3692 1304 3774 suffraganei
1325 3712 1410 3756 con·

457 3798 628 3854 venerunt
654 3790 819 3874 episcopi,
846 3798 885 3856 ut
913 3790 1105 3867 ecclesiam,
1134 3791 1240 3872 longa
1264 3810 1410 3873 suspen-

457 3888 555 3952 sione
572 3896 840 3966 consternatam,
853 3889 960 3974 juxta
973 3889 1173 3953 mandatum
1197 3890 1325 3954 domini
1346 3911 1410 3973 pa-

457 4006 515 4069 pae
540 3988 576 4051 in
602 3996 732 4053 statum
763 3990 944 4071 pristinum
968 3988 1206 4054 reformarent.
1259 3989 1410 4054 Bartho-

457 4086 600 4151 lomaeus
619 4088 737 4170 igitur,
753 4087 961 4152 Exoniensis
983 4088 1179 4170 episcopus,
1205 4088 1249 4152 ad
1270 4090 1411 4171 petitio-

491 4259 634 4330 mercha]
643 4265 743 4328 Dicam,
752 4265 917 4326 ool.558;see
978 4262 1060 4314 ’Post
1070 4265 1191 4328 mortem]
1209 4265 1409 4330 Diaetapuss.

455 4330 554 4382 Annulo
565 4333 594 4382 ol
601 4334 720 4397 lrelund;
736 4336 822 4399 Ware,
833 4351 859 4398 p.
868 4339 892 4386 ⁷.
