3104 5186
455 545 521 610 142
715 556 850 605 uocant
874 556 922 604 nu
945 553 1153 602 wunnovua
1211 531 1214 538 ’

291 735 347 796 ap.
357 737 415 776 rore.
455 715 615 780 comitem
628 713 868 779 Tholosanum
885 721 921 780 et
936 713 1108 796 principes
1125 711 1225 785 alios,
1240 707 1302 792 qui
1315 709 1409 772 circa

289 787 441 878 diffidis..
454 822 607 879 montem
625 814 721 897 Syon
737 815 883 878 viriliter
910 814 1157 890 decertabant;
1186 810 1259 887 sed,
1285 809 1408 872 audito

454 922 651 979 nostrorum
662 921 697 978 et
709 914 902 979 Turcorum
919 913 1068 976 clamore
1081 919 1118 975 et
1132 910 1256 974 civium
1275 915 1407 990 strage,

450 1020 694 1096 cognoverunt
715 1015 835 1077 urbem
859 1012 1029 1078 violenter
1054 1011 1230 1076 effractam
1259 1015 1294 1072 et
1322 1026 1406 1071 nos-

453 1120 586 1178 trarum
602 1112 781 1179 victoriam
801 1112 995 1194 legionum:
1020 1112 1078 1193 qui
1095 1110 1213 1174 statim
1227 1108 1341 1171 scalas
1360 1106 1405 1169 ad

452 1233 589 1278 murum
607 1218 782 1295 aptantes,
805 1212 939 1276 nemine
961 1212 1135 1286 obstante,
1157 1208 1251 1271 urbis
1273 1205 1406 1269 muenia

452 1313 676 1390 transierunt,
699 1318 852 1393 stragem
872 1311 910 1374 in
927 1309 989 1373 illa
1010 1316 1110 1392 parte
1135 1327 1203 1372 non
1230 1306 1404 1370 modicam

453 1419 658 1495 operantes3
687 1419 824 1493 portam
850 1410 969 1492 itaque
993 1408 1193 1483 australem,
1223 1425 1301 1489 quae
1332 1405 1405 1468 illis

455 1518 531 1574 erat
546 1511 771 1586 contermina,
783 1510 978 1592 aperientes
995 1527 1073 1572 cum
1089 1508 1221 1589 impetn
1235 1503 1405 1587 populum

453 1610 650 1673 universum
668 1609 875 1691 quantocius
891 1607 1126 1672 introducunt.
1179 1605 1328 1669 Factum
1349 1610 1406 1668 est

452 1715 579 1785 autem,
602 1707 693 1790 quod
721 1708 840 1785 Turci,
863 1707 923 1791 qui
946 1727 968 1770 a
990 1707 1077 1770 duce
1100 1713 1135 1770 et
1157 1705 1228 1768 suis
1252 1702 1404 1785 agmini-

451 1807 517 1871 bus
545 1806 763 1890 aufugerant,
787 1810 831 1872 ad
853 1815 970 1889 partes
994 1806 1073 1870 illas
1100 1805 1313 1868 declinantes
1338 1802 1404 1866 hos

451 1907 589 1972 obviam
612 1893 792 1984 haberent,
815 1914 850 1971 et
873 1906 1024 1990 Scyllam
1050 1905 1221 1968 evitantes
1243 1901 1404 1985 Charyb·

451 2006 522 2070 dim
555 2006 665 2070 multo
698 2006 924 2089 periculosius
950 2004 1165 2082 inciderunt3
1198 2021 1278 2066 nam
1300 2009 1405 2066 tanta

451 2105 577 2169 exinde
608 2125 670 2187 per
696 2108 815 2170 urbem
844 2113 979 2186 strages
1002 2103 1097 2168 facta
1127 2110 1192 2180 est,
1223 2110 1262 2165 ut
1294 2102 1403 2165 etiam

449 2203 535 2287 ipsis
558 2205 746 2270 victoribus
776 2211 848 2269 tam
872 2204 1044 2268 horrenda
1066 2201 1246 2284 sanguinis
1278 2200 1403 2264 effusio

450 2304 592 2369 taedium
614 2306 787 2386 ingereret
810 2310 845 2367 et
866 2303 1054 2368 horrorem.
1105 2301 1261 2366 Audiens
1283 2307 1403 2364 autem

450 2397 675 2481 Tancredus,¹
703 2403 795 2487 quod
822 2403 911 2468 infra
935 2410 1035 2485 septa
1063 2403 1182 2484 templi
1208 2401 1402 2464 'lurcorum

450 2520 488 2565 se
521 2503 708 2565 incluserat
738 2502 937 2579 multitudo,
966 2502 1115 2566 contulit
1143 2520 1180 2565 se
1211 2500 1293 2563 illue
1321 2519 1402 2563 cum

449 2599 583 2682 ingenti
610 2602 710 2683 copia
735 2609 957 2679 armatorum,
983 2609 1018 2666 et
1042 2601 1208 2684 templum
1230 2599 1404 2664 violenter

449 2698 639 2780 ingressus,
672 2708 753 2781 post
792 2709 945 2782 stragem
974 2700 1212 2783 multiplicem,
1246 2699 1402 2762 infinitas

449 2800 525 2862 auri
549 2808 585 2863 et
609 2801 746 2881 argenti
769 2801 886 2883 copias
911 2800 991 2864 inde
1015 2819 1132 2865 secum
1155 2799 1280 2862 dicitur
1301 2791 1403 2862 ²abs·

449 2898 595 2978 tulisse;
635 2900 727 2981 quod
760 2900 883 2983 reliqui
914 2901 1087 2983 principes
1119 2899 1309 2974 audientes
1344 2897 1402 2959 in-

450 2997 612 3061 tromissa
630 3000 785 3081 equitum
803 3008 839 3065 et
861 2999 1015 3083 peditum
1043 2998 1276 3074 multitudine,
1296 3004 1403 3079 quot·

449 3104 535 3178 quot
565 3098 612 3161 ibi
641 3100 817 3180 reperiunt
838 3097 964 3180 gladiis
986 3099 1211 3176 trucidantes
1237 3097 1404 3160 universa

449 3197 620 3277 sanguine
637 3199 865 3280 repleverunt.
903 3197 1077 3262 Cecidisse
1096 3197 1291 3260 referuntur
1305 3195 1401 3259 infra

449 3294 569 3377 templi
585 3297 752 3361 ambitum
775 3296 820 3360 ad
842 3297 959 3361 decem
981 3296 1091 3360 millia
1113 3296 1317 3372 Turcorum‚
1338 3314 1403 3358 ex-

448 3395 558 3477 ceptis
574 3395 664 3472 aliie,
681 3398 741 3478 qui
757 3396 886 3478 passim
910 3416 973 3479 per
995 3399 1114 3461 urbem
1135 3396 1402 3472 truncabantur,

448 3513 594 3575 quorum
619 3497 731 3559 minor
762 3515 831 3559 non
863 3495 970 3560 fnisse
1003 3515 1166 3561 numerus
1201 3493 1401 3574 serebatur;

448 3611 529 3656 nam
545 3594 655 3657 nostri
677 3596 856 3676 pervices
879 3602 915 3659 et
936 3596 1141 3660 diverticula
1155 3594 1403 3671 discurrenteS,

448 3693 584 3757 occulta
611 3694 861 3775 perlustrantes
892 3696 1066 3773 universa,
1096 3693 1403 3777 patrem-familias

448 3811 526 3854 cum
544 3811 653 3856 uxore
680 3801 715 3858 et
737 3793 855 3858 liberis
878 3802 914 3858 et
935 3794 1067 3859 familia
1089 3802 1165 3859 tota
1188 3814 1233 3858 ex
1256 3795 1402 3858 secretis

482 3988 659 4056 ¹Tuucredus.]
685 3992 780 4042 ‘Solus
801 3993 910 4043 Tancre·
935 3994 1023 4043 eadem
1035 3995 1076 4043 vel
1092 3995 1239 4056 appreciata
1254 3994 1310 4044 loco
1326 3996 1403 4043 resti·

447 4060 505 4121 dus,
529 4061 705 4122 intempestive
727 4063 845 4123 cupidine
868 4078 909 4112 oc·
934 4059 1000 4113 tuit?
1036 4064 1249 4126 Malmsb.§³⁷0.

446 4134 566 4191 cupatus,
587 4132 704 4192 quaedam
728 4133 909 4193 pretiosissima
961 4129 1141 4201 utacum]
1154 4135 1402 4195 ‘quaetamenpost-

447 4199 478 4248 de
489 4201 583 4261 templo
591 4202 731 4252 Salomonis
743 4203 846 4263 extulit;
864 4203 909 4252 sed
933 4204 1045 4263 modum,
1059 4203 1146 4252 sedato
1160 4203 1281 4264 tumultu,
1296 4204 1402 4251 restitu-

447 4270 615 4332 postmodum,
638 4286 686 4320 sua
707 4274 861 4321 conscientia
883 4277 909 4321 et
933 4273 984 4322 isse
995 4273 1107 4322 creditur
1117 4274 1144 4321 in
1159 4274 1284 4334 integrum
1294 4267 1309 4334 ς’
1326 4271 1402 4323 Will.

445 4339 552 4388 aliorum
568 4346 705 4390 conventus
720 4341 855 4403 colloquio,
869 4344 908 4391 vel
932 4343 992 4404 Tyr.
1005 4358 1030 4404 p.
1042 4347 1098 4391 ⁷59.
