3104 5186
436 545 507 610 134*
691 539 825 606 noenu
849 555 897 602 nn
920 554 1128 602 wuunovnn

276 741 331 782 an.
343 742 399 782 1099.
438 723 532 794 runt,
569 717 675 799 atque
712 715 827 779 subito
865 721 947 777 ante
989 713 1109 776 urbem
1145 713 1388 777 convenientes

276 791 425 884 {iiiiii-la..
440 824 564 881 octavo
596 815 674 880 idus
708 814 731 878 J
734 814 807 877 unii
840 833 917 877 eam
951 812 1129 877 obsidione
1156 812 1389 877 vallaverunt.

441 917 579 982 Dicitur
595 922 711 979 autem
727 914 835 977 fuisse
855 932 1018 1000 numerus
1037 912 1268 977 obsidentium
1286 911 1390 994 quasi

440 1015 549 1079 millia
572 1014 805 1097 quadraginta
830 1012 997 1095 peditum,
1016 1012 1171 1094 equitum
1190 1031 1273 1076 vero
1296 1012 1391 1075 mille

442 1115 634 1198 quingenti,
661 1121 788 1196 praeter
814 1130 913 1176 senes
942 1119 978 1175 et
1001 1111 1271 1175 valetudinarios
1299 1111 1392 1174 iner-

441 1234 564 1297 meque
587 1214 725 1296 vulgus.
777 1211 822 1274 In
846 1213 930 1275 urbe
951 1218 1067 1275 autem
1089 1210 1292 1275 dicebantur
1314 1229 1391 1274 esse

443 1313 635 1378 ancorum
651 1313 792 1376 sortium
810 1319 845 1376 et
862 1311 991 1393 optime
1008 1317 1220 1374 armatorum
1242 1310 1392 1392 qnadra-

442 1414 540 1494 ginta
568 1411 689 1487 millia,
709 1418 782 1475 tam
804 1417 844 1473 ut
866 1410 985 1473 urbem
1008 1410 1139 1491 regiam
1162 1411 1205 1473 ab
1227 1411 1392 1473 instanti·

442 1513 508 1575 bus
525 1517 705 1575 tuerentur
728 1508 902 1592 periculis,
919 1528 1022 1592 quam
1040 1518 1080 1573 ut
1102 1509 1250 1592 propriae
1266 1528 1393 1573 consu-

443 1611 554 1675 lerent
575 1617 610 1674 et
632 1629 772 1674 suorum
794 1609 911 1673 saluti.
966 1609 1146 1691 Principes
1167 1609 1286 1690 itaque
1311 1629 1391 1692 per-

443 1711 562 1792 spicue
598 1710 868 1785 considerantes,
901 1708 993 1791 quod
1027 1727 1140 1790 neque
1171 1709 1213 1771 ab
1247 1709 1392 1785 oriente,

443 1803 555 1892 neque
566 1810 611 1872 ab
621 1809 809 1885 occidente,
820 1828 932 1891 neque
947 1809 990 1871 ab
1006 1815 1138 1885 austro,
1149 1815 1392 1890 propterqua-

443 1908 589 1972 rundam
600 1909 742 1973 vallium
760 1907 1031 1990 profunditatem
1045 1899 1297 1990 proficerent,a
1313 1927 1393 1991 sep-

444 2009 616 2074 tentrione
640 2027 717 2071 cam
745 2008 900 2072 obsidere
924 2006 1135 2085 decernunt3
1167 2008 1210 2070 ab
1237 2025 1279 2069 ea
1308 2027 1394 2088 ergo

443 2115 558 2189 porta,
580 2127 659 2190 quae
681 2107 795 2196 sancti
812 2105 990 2188 Stephani
1014 2106 1139 2169 dicitur
1164 2113 1200 2169 et
1222 2106 1266 2170 ad
1292 2108 1393 2189 aqui-

444 2207 558 2274 lonem
575 2207 727 2288 respicit,
745 2225 855 2288 usque
872 2205 915 2268 ad
933 2203 1040 2282 illam,
1059 2225 1137 2287 quae
1154 2206 1259 2268 turris
1274 2206 1395 2270 David

445 2305 571 2370 dicitur
594 2313 629 2370 et
655 2305 689 2367 in
713 2312 813 2386 parte
836 2301 988 2367 civitatis
1010 2303 1214 2368 occidentali
1236 2305 1305 2368 sita
1327 2313 1395 2383 est,

356 2424 359 2428 ·
438 2411 562 2468 castra
590 2404 701 2467 nostri
726 2403 898 2484 principes
927 2403 1154 2467 locaverunt:
1187 2403 1395 2486 inquorum

322 2501 324 2506 ’
445 2503 564 2567 ordine
592 2501 666 2564 dux
695 2500 905 2566 Godefridus
936 2503 1069 2584 primus
1097 2502 1199 2580 sedit,
1228 2509 1264 2565 et
1286 2505 1397 2587 juxta

444 2620 524 2664 eum
557 2601 630 2664 dux
664 2600 946 2666 Normannorum
979 2601 1156 2666 Robertus
1197 2609 1233 2666 et
1272 2606 1397 2667 consul

447 2700 697 2779 Flandrensis;
723 2700 814 2764 circa
837 2702 972 2778 turrim,
994 2720 1073 2783 quae
1096 2703 1140 2764 ab
1157 2703 1284 2782 angulo
1307 2723 1398 2785 quo-

444 2799 525 2863 dam
551 2799 679 2863 dicitur
707 2798 909 2880 AngulariS,
942 2800 1101 2864 dominus
1132 2801 1333 2865 Tancredus
1358 2811 1397 2866 et

446 2898 506 2962 alii
534 2899 673 2982 quidam
703 2918 782 2962 cum
812 2919 853 2963 eo
883 2900 1015 2963 nobiles
1050 2900 1308 2965 consederunt:
1350 2903 1397 2965 ab

447 2997 517 3059 alia
539 3005 655 3062 autem
677 2999 765 3062 turri
786 3017 897 3083 usqne
920 2999 964 3062 ad
986 3007 1123 3082 portam
1145 3000 1397 3064 occidentalem

446 3115 560 3160 comes
589 3097 809 3163 Tholosanus
838 3119 915 3163 cum
950 3099 1024 3162 suis
1051 3098 1244 3180 legionibus
1274 3101 1397 3165 urbem

446 3195 597 3275 obsedit;
616 3204 750 3278 partem
765 3217 904 3262 suorum
920 3199 1096 3279 agminum
1111 3217 1216 3280 super
1231 3206 1398 3277 montem,

445 3294 541 3357 etin
567 3315 635 3377 quo
662 3297 785 3361 civitas
811 3296 983 3361 aedificata
1011 3304 1076 3374 est,
1105 3298 1196 3362 inter
1217 3300 1336 3362 urbem
1360 3307 1399 3365 et

445 3394 639 3471 ecclesiam,
667 3414 746 3477 quae
772 3395 897 3459 dicitur
924 3396 1019 3478 Syon
1044 3406 1079 3461 et
1106 3399 1150 3461 ab
1177 3400 1261 3462 urbe
1286 3399 1397 3464 distat

445 3500 614 3574 quantum
631 3512 732 3559 arcus
749 3495 854 3558 semel
867 3495 985 3578 jacere
999 3503 1126 3578 potest,
1144 3497 1180 3560 in
1193 3498 1299 3580 plaga
1314 3518 1399 3581 scp-

445 3593 645 3657 tentrionali
666 3593 808 3658 locarit.
863 3593 900 3656 ls
927 3595 1018 3658 enim
1038 3595 1135 3658 locus
1158 3604 1245 3674 erat,
1264 3597 1300 3659 in
1322 3618 1396 3680 quo

445 3688 608 3756 Salvator
634 3712 712 3755 cum
748 3691 925 3775 discipulis
966 3713 1122 3758 coenasse
1159 3695 1326 3760 asseritur
1359 3705 1398 3762 et

444 3809 563 3853 eorum
580 3790 685 3873 pedes
708 3792 854 3871 lavisse;
879 3792 927 3854 ibi
950 3793 1054 3857 etiam
1071 3793 1221 3875 Spiritus
1244 3795 1397 3859 Sanctus

445 3906 549 3970 super
571 3888 757 3973 discipulos
783 3889 960 3954 descendit
984 3893 1020 3955 in
1047 3893 1158 3974 igneis
1183 3893 1323 3976 linguis,
1346 3895 1397 3959 ibi

444 3985 513 4050 Dei
536 3989 689 4070 genitrix
713 3990 874 4054 hnmanae
898 3998 1032 4054 naturae
1052 3990 1204 4055 debitum
1227 3993 1343 4069 solvit,
1360 4001 1399 4058 et
1487 4044 1491 4053 .

443 4086 537 4150 beati
560 4086 728 4171 Stephani
749 4091 1014 4172 protomartyris
1038 4090 1257 4174 sepulchrum
1285 4111 1399 4174 usque

444 4184 545 4249 hodie
561 4186 686 4252 ibidem
702 4195 899 4253 veneratur.
