3178 5194
442 573 582 628 suenus
605 579 874 632 msronmnuu.
1067 561 1134 628 417

168 741 254 799 tate
275 745 490 822 praesumpta
511 737 712 816 recurritur,
730 737 790 802 ubi
815 736 944 820 populo
962 735 1131 802 Christia·
1144 751 1200 793 ev·
1212 752 1268 793 ¹1⁸⁵·

170 853 226 898 no
253 835 432 902 imminere
454 838 657 922 periculum,
682 838 752 902 imo
780 836 1035 913 exterminium,
1063 836 1133 900 for·

168 933 342 1013 midatur,
377 944 416 1000 ut
451 955 514 1021 per
543 936 721 1001 brachium
752 936 857 1018 regiae
883 934 1131 1018 magnitudinis

171 1031 268 1115 Ejus
289 1036 450 1102 membris
473 1036 694 1119 impendatur
709 1035 920 1120 praesidinm,
947 1035 1006 1116 qui
1026 1043 1062 1099 te
1085 1035 1130 1099 ad

173 1138 290 1196 tantae
307 1134 428 1215 gloriae
446 1137 580 1219 apicem
605 1136 785 1218 pervenire
809 1153 874 1199 sua
898 1135 1029 1216 pietate
1050 1153 1130 1199 con-

174 1232 296 1309 cessit,
314 1240 350 1297 et
366 1241 400 1298 te
415 1243 538 1300 contra
550 1235 605 1298 sui
623 1235 769 1298 nominis
789 1233 1049 1317 impugnatores
1070 1251 1130 1297 nea

175 1329 287 1394 farios
304 1351 438 1397 murum
455 1333 762 1416 inexpugnabilem
777 1332 962 1396 ordinavit.
1018 1331 1129 1396 Porro

177 1432 318 1495 noverit
341 1440 457 1510 vestra
486 1433 666 1511 serenitas,
697 1431 790 1516 quod
821 1430 1027 1495 Salaadinus
1058 1430 1128 1507 ille,

177 1531 294 1593 sancti
305 1532 453 1596 nominis
464 1531 908 1598 Crucifixiimmanissimus
918 1537 1129 1613 persecutor,

179 1627 234 1692 ita
255 1649 346 1693 nnnc
366 1630 403 1694 iu
420 1633 546 1715 spiritu
568 1631 694 1695 furoris
717 1637 839 1696 contra
859 1629 991 1694 Christi
1010 1629 1129 1694 fideles

181 1735 284 1791 terrae
306 1737 437 1794 sanctae
457 1731 543 1797 adeo
563 1730 722 1808 invaluit,
744 1729 849 1813 quod,
876 1729 942 1792 nisi
968 1729 1128 1793 immani·

183 1827 267 1891 tatis
284 1825 359 1911 ejus
376 1828 526 1914 impetus
542 1829 687 1916 objectis
710 1829 864 1894 obicibus
886 1827 1130 1910 reprimantur,

181 1925 288 1990 habet
302 1926 476 2010 fiduciam,
494 1928 586 2012 quod
602 1927 728 1992 influat
744 1926 767 1990 J
770 1925 910 1991 ordanis
924 1926 961 1989 in
976 1945 1015 1990 os
1033 1922 1131 2008 ejus,'

182 2032 220 2090 et
233 2033 370 2100 caetera,

183 2197 273 2282 Qud
287 2222 341 2268 reo
354 2199 509 2266 Hernicus
527 2221 652 2286 repom
666 2198 955 2284 Hierosolymorum
970 2193 1134 2264 recusauit.

236 2322 305 2390 His
327 2325 467 2403 auditis,
492 2345 556 2390 rex
581 2324 790 2408 Anglorum,
821 2329 1013 2388 convocato
1042 2315 1134 2384 cle'ro
1147 2338 1221 2386 nonu

183 2425 282 2505 regni
313 2443 355 2488 ac
384 2425 526 2509 populo,
557 2432 792 2490 convenerunt
822 2421 1011 2487 Londoniis
1041 2385 1284 2526 apudfdffissd

186 2517 572 2590 Fontem-clericorum¹
610 2524 742 2589 decimo
791 2522 911 2607 quinto
965 2519 1134 2585 kalendas
1160 2498 1172 2526 ⁰
1266 2511 1272 2522 ’

185 2619 318 2705 Aprilis
340 2643 418 2688 cnm
439 2625 602 2690 universa
618 2623 799 2688 nobilitate
816 2621 926 2704 regni,
946 2619 1006 2686 ubi
1022 2620 1135 2685 dictus

187 2741 262 2798 rex,
288 2723 505 2790 audientibus
536 2723 735 2807 patriarcha
760 2730 797 2787 et
820 2721 987 2804 magistro
1013 2720 1136 2786 domus

187 2819 380 2902 hospitalis,
407 2843 525 2890 omnes
550 2824 669 2890 fideles
692 2841 776 2889 suos
803 2823 921 2887 multis
945 2819 1136 2904 adjuratio-

187 2919 288 2980 nibus
307 2921 483 3000 astrinxit,
504 2931 676 3003 quatenus
700 2922 894 3007 proferrent
915 2922 952 2984 in
974 2918 1136 2994 medium,

92 3053 96 3062 -
189 3012 273 3094 quid
295 3017 474 3094 superbis
496 3020 602 3084 saluti
624 3023 749 3086 animae
772 3040 845 3085 suae
859 3019 1009 3084 viderint
1031 3038 1137 3100 expe*

189 3111 282 3192 dire;
306 3111 351 3175 ad
369 3111 434 3176 boc
454 3114 544 3176 enim
559 3120 683 3180 asserit
702 3119 853 3181 animum
873 3136 974 3180 suum
993 3116 1137 3179 inclina-

189 3218 276 3288 tum,
294 3217 345 3287 ut,
362 3210 453 3293 quod
472 3230 517 3274 ex
533 3231 649 3276 eorum
667 3215 811 3279 consilio
827 3214 1010 3296 acciperet,
1027 3213 1138 3278 modis

189 3311 347 3375 omnibus
365 3310 575 3376 observaret.
627 3311 727 3375 'l'nnc
742 3311 925 3376 concilium
940 3311 1139 3374 universum

188 3429 294 3493 super
309 3410 496 3494 praemissis
514 3410 761 3493 colloquentes,
776 3410 895 3474 sanius
907 3411 1020 3473 visum
1034 3417 1088 3473 est
1104 3416 1140 3473 et

192 3511 316 3574 animae
341 3510 433 3591 regis
459 3510 569 3574 multo
594 3510 779 3587 salubrius
799 3516 840 3573 ut
864 3529 1009 3591 regnum
1039 3527 1140 3572 suum

192 3607 309 3674 debita
337 3609 571 3674 moderatione
602 3610 771 3691 gubernet
797 3615 833 3674 et
864 3607 950 3672 sslud
973 3627 995 3672 a
1016 3607 1142 3671 barba-

192 3726 306 3772 rorum
322 3708 513 3790 irruptione
527 3716 678 3786 tueatur,
696 3728 800 3791 quam
824 3707 1044 3772 orientalium
1061 3726 1141 3770 con-

190 3807 285 3871 sulat
305 3809 342 3871 iu
368 3808 509 3891 propria
529 3826 678 3891 persona
704 3808 838 3886 saluti3
870 3806 913 3870 de
938 3805 1019 3870 filiis
1049 3807 1142 3887 regis

193 3905 343 3987 quidem,
377 3927 523 3989 quorum
555 3908 657 3990 petiit
690 3908 840 3990 aliquem
876 3904 1075 3989 patriarcba
1113 3904 1144 3967 si

193 4023 256 4068 rex
285 4006 402 4071 venire
432 4015 621 4084 recusaret,
653 4008 839 4089 quicquam
873 4012 1038 4080 statuere,
1066 4022 1144 4066 cum

195 4112 310 4170 essent
326 4105 498 4185 absentes,
521 4107 750 4188 incongruum
768 4105 961 4169 videbatur.
1014 4102 1146 4166 Eodem

229 4283 516 4351 ¹Forstenacissimorum]
530 4288 658 4338 orOlerk·
685 4282 763 4336 Mills’
784 4287 892 4347 History
905 4285 934 4336 oi
946 4285 989 4336 the
1009 4284 1149 4348 Orusades,

195 4357 302 4417 cuwell;
324 4357 426 4420 Diceto,
447 4358 495 4410 col.
518 4362 576 4408 626.
611 4358 659 4410 See
685 4359 734 4408 vol.
746 4358 774 4408 ii.
787 4359 924 4420 panca.

248 4447 328 4498 von.
348 4447 387 4496 11.
938 4429 960 4494 2
979 4446 999 4492 n
