3144 5180
456 508 523 575 264
711 525 846 573 noorai
871 525 918 572 on
942 522 1152 572 wnnoovnn

611 753 661 832 Da
675 757 762 818 cento
778 751 941 819 volomtati
957 763 985 818 et
991 753 1257 838 flaminesoetido·

297 903 354 942 nn.
365 902 421 940 11⁵³.
511 875 614 941 Unde
637 877 812 941 daemones
837 877 981 941 militem
1001 877 1038 941 in
1057 884 1209 941 montem
1233 876 1409 940 excelsum

268 1043 272 1050 ,
297 950 448 1052 ζέξῖἷιῖἳῗὲἷ
460 976 675 1058 impellentes
704 976 929 1041 ostenderunt
951 976 984 1040 ei
1006 977 1187 1059 utriusque
1213 994 1318 1040 sexus
1343 975 1410 1040 ho-

297 1050 403 1091 *Μ’
460 1076 569 1139 mines
591 1083 627 1140 et
648 1076 763 1140 aetatis
784 1075 930 1139 diversae
945 1074 1201 1139 multitudinem
1219 1075 1414 1156 copiosam,

460 1175 521 1257 qui
538 1193 657 1238 omnes
674 1174 758 1238 nudi
771 1175 950 1251 sedebant,
967 1181 1003 1238 et
1019 1193 1124 1256 super
1137 1174 1267 1255 digitos
1281 1174 1410 1255 pedum

461 1274 608 1351 curvati,
638 1280 672 1337 et
700 1273 744 1337 ad
776 1273 973 1356 aquilonem
998 1273 1102 1350 versi,
1130 1273 1231 1355 quasi
1261 1279 1409 1337 mortem

347 1431 349 1436 .
461 1373 634 1457 perterriti
663 1370 933 1454 exspectabant;
967 1378 1003 1435 et
1035 1391 1114 1437 ecce
1140 1371 1254 1436 subito
1283 1379 1410 1436 ventus

461 1471 609 1535 turbinis
635 1470 847 1536 vehementis
881 1473 924 1534 ab
957 1471 1120 1554 aquilone
1141 1470 1283 1536 veniens
1313 1471 1409 1552 ipsos

462 1589 592 1647 omnes,
615 1576 750 1634 etcum
773 1570 824 1633 eis
846 1569 1000 1645 militem,
1021 1569 1166 1652 arripuit
1183 1576 1219 1634 et
1242 1568 1279 1632 in
1303 1569 1409 1634 eliam

462 1669 589 1732 montis
609 1675 757 1751 partem,
779 1669 816 1731 in
838 1668 965 1733 flumen
991 1667 1153 1750 frigidum
1179 1675 1214 1732 et
1237 1668 1414 1745 foetidum,

462 1767 583 1830 flentes
608 1775 644 1832 et
663 1766 892 1833 vociferantes
914 1767 1072 1850 projecit,
1092 1775 1139 1845 et,
1157 1787 1234 1831 cum
1250 1767 1293 1830 de
1315 1787 1409 1851 aqua

462 1866 685 1948 frigidissima
707 1885 849 1948 surgere
868 1873 1088 1941 conarentur,
1112 1867 1284 1930 daemones
1305 1886 1411 1948 super

463 1984 588 2049 aquam
623 1973 799 2029 currentes
830 1966 867 2028 in
900 1966 976 2048 ipso
1009 1984 1128 2029 omnes
1155 1965 1294 2028 flumine
1324 1967 1408 2029 suh-

462 2071 677 2144 merserunt;
710 2071 746 2127 at
780 2064 879 2127 miles
908 2062 1039 2129 Christi
1071 2083 1194 2128 nomen
1220 2064 1412 2142 invocavit,

462 2171 499 2227 et
515 2163 696 2228 confestim
718 2164 755 2227 in
776 2163 845 2226 alia
867 2182 906 2226 sc
927 2163 1003 2245 ripa
1026 2163 1171 2228 invenit.
1221 2163 1322 2226 Tunc
1336 2163 1409 2228 dae·
1440 2213 1461 2236 ,

463 2281 582 2336 mones
598 2263 696 2326 illum
718 2269 839 2326 contra
861 2269 1018 2340 austrum
1032 2262 1222 2341 trahentes,
1241 2268 1277 2327 et
1291 2270 1412 2326 osten*

463 2361 583 2448 dentes
597 2361 770 2424 flammam
790 2362 1001 2426 teterrimam
1023 2368 1059 2425 et
1076 2361 1200 2426 soetore
1221 2361 1409 2443 sulphureo

462 2461 600 2542 plenam
617 2459 659 2524 de
676 2466 783 2542 puteo
805 2459 955 2542 quodam
977 2461 1174 2538 ascendere,
1196 2468 1232 2524 et
1252 2460 1414 2526 homines-

462 2559 573 2621 nudos
602 2565 637 2622 et
668 2557 769 2640 quasi
802 2559 923 2641 igneos
952 2559 1049 2624 velut
1085 2560 1254 2624 scintillas
1287 2560 1410 2642 igneas

461 2657 498 2719 in
526 2675 641 2722 aerem
672 2676 809 2721 sursum
838 2657 1011 2740 compelli,
1046 2666 1093 2736 et,
1125 2658 1340 2722 flammarum
1371 2661 1410 2724 vi

460 2755 653 2832 deficiente,
684 2754 808 2820 iterum
838 2757 875 2820 in
904 2758 1021 2838 ignom
1047 2765 1084 2821 et
1106 2764 1248 2839 puteum
1275 2758 1413 2838 relabi·,

462 2860 500 2917 at
527 2854 698 2918 daemones
726 2854 829 2930 militi
852 2854 1029 2933 dixerunt,
1049 2855 1206 2920 ‘Potens
1224 2856 1291 2922 iste
1311 2857 1412 2921 flam-

461 2954 631 3016 mivomus
654 2953 816 3017 introitus
849 2961 902 3018 est
927 2954 1064 3031 inferni,
1090 2956 1148 3018 uhi
1174 2963 1328 3020 nostrum
1353 2965 1410 3021 est

461 3051 709 3129 habitaculum,
732 3059 778 3129 et,
793 3053 957 3135 quoniam
979 3053 1077 3117 nobis
1099 3054 1276 3138 hucusque
1296 3056 1411 3119 studi-

463 3169 522 3212 ose
540 3149 690 3227 servisti,
707 3150 761 3214 hic
784 3153 962 3215 nobiscum
986 3153 1059 3216 sine
1082 3153 1149 3216 fine
1172 3155 1337 3232 manebis,
1361 3163 1410 3232 et,

461 3248 492 3311 si
513 3249 604 3312 hunc
626 3255 768 3331 puteum
789 3252 967 3332 ingressus
990 3251 1107 3328 tueris,
1127 3253 1163 3314 in
1186 3253 1302 3316 anima
1317 3254 1412 3335 pari-

462 3355 515 3411 ter
531 3355 567 3411 et
580 3367 723 3430 corpore
740 3349 880 3431 peribiS,
900 3348 960 3413 sed
981 3357 1110 3428 tamen,
1131 3352 1162 3414 si
1177 3351 1289 3414 adhuc
1309 3353 1411 3417 nobis

461 3447 653 3510 consentire
675 3447 826 3510 volueris
849 3455 884 3511 et
905 3451 1090 3512 revertaris
1113 3450 1157 3513 ad
1180 3456 1316 3531 portam
1339 3471 1412 3534 qua

460 3546 610 3621 intrasti,
635 3545 765 3610 illaesus
787 3546 913 3610 redibis
926 3545 946 3625 3’
967 3547 1026 3610 ille
1049 3555 1165 3612 autem
1188 3549 1230 3612 de
1256 3549 1324 3615 Dei
1347 3551 1410 3614 ad·

456 3643 590 3726 jutorio
609 3644 772 3720 confisus
795 3646 855 3728 qui
878 3665 955 3708 eum
982 3648 1086 3711 toties
1108 3648 1325 3726 liberaverat,
1349 3670 1410 3714 eo-

461 3762 538 3805 rum
559 3743 818 3816 exhortationes
844 3745 1060 3827 contempsit.
1112 3746 1212 3809 Tunc
1234 3747 1411 3813 daemones

460 3841 643 3923 indignati
667 3860 742 3905 sese
772 3842 991 3925 projecerunt
1026 3845 1064 3907 in
1096 3846 1211 3926 ignem
1245 3848 1342 3928 putei
1374 3857 1415 3913 et

457 3959 577 4003 secum
612 3940 753 4003 militem
780 3940 1005 4015 intruserunt,
1035 3950 1071 4006 et
1095 3963 1165 4025 quo
1187 3944 1285 4008 miles
1306 3946 1343 4008 in
1368 3967 1413 4012 eo

443 4038 665 4121 ¹profundius
695 4039 882 4117 descendit,
913 4059 953 4104 eo
978 4041 1136 4107 latiorem
1158 4050 1300 4124 puteum
1327 4065 1411 4110 con-

460 4138 577 4219 spexit
608 4145 644 4201 ct
669 4157 808 4220 poenam
834 4140 870 4202 in
900 4139 960 4203 illo
991 4142 1184 4221 graviorem
1213 4143 1340 4222 sensit;
1373 4146 1412 4208 in

461 4242 565 4316 puteo
582 4255 719 4319 quoqne
734 4237 793 4301 illo
810 4238 907 4302 miles
925 4246 1058 4303 tantam
1082 4241 1280 4323 angustiam
1302 4244 1413 4309 sensit
