<?xml version="1.0" encoding="UTF-8"?>
<!DOCTYPE html PUBLIC "-//W3C//DTD XHTML 1.0 Transitional//EN"
    "http://www.w3.org/TR/xhtml1/DTD/xhtml1-transitional.dtd">
<html xmlns="http://www.w3.org/1999/xhtml" xml:lang="en" lang="en">
 <head>
  <title>
</title>
<meta http-equiv="Content-Type" content="text/html;charset=utf-8" />
  <meta name='ocr-system' content='tesseract 3.04.00' />
  <meta name='ocr-capabilities' content='ocr_page ocr_carea ocr_par ocr_line ocrx_word'/>
</head>
<body>
  <div class='ocr_page' id='page_1' title='image "./rogeridewendove07rogegoog_0142.png"; bbox 0 0 2932 5018; ppageno 0'>
   <div class='ocr_carea' id='block_1_1' title="bbox 476 458 1164 522">
    <p class='ocr_par' dir='ltr' id='par_1_1' title="bbox 476 458 1164 522">
     <span class='ocr_line' id='line_1_1' title="bbox 476 458 1164 522; baseline 0.007 -5"><span class='ocrx_word' id='word_1_1' title='bbox 476 468 616 518; x_wconf 82' lang='lat' dir='ltr'><strong>rnonns</strong></span> <span class='ocrx_word' id='word_1_2' title='bbox 639 458 908 521; x_wconf 72' lang='lat' dir='ltr'><strong>ursroarnnorr.</strong></span> <span class='ocrx_word' id='word_1_3' title='bbox 1099 458 1164 522; x_wconf 76' lang='lat'><strong>133</strong></span> 
     </span>
    </p>
   </div>
   <div class='ocr_carea' id='block_1_2' title="bbox 184 625 1319 1900">
    <p class='ocr_par' dir='ltr' id='par_1_2' title="bbox 184 625 1319 1900">
     <span class='ocr_line' id='line_1_2' title="bbox 192 625 1296 708; baseline -0.004 -21"><span class='ocrx_word' id='word_1_4' title='bbox 192 625 410 707; x_wconf 84' lang='lat' dir='ltr'><strong>episcopum</strong></span> <span class='ocrx_word' id='word_1_5' title='bbox 441 634 700 702; x_wconf 90' lang='lat' dir='ltr'><strong>consecrarunt,</strong></span> <span class='ocrx_word' id='word_1_6' title='bbox 729 634 765 689; x_wconf 92' lang='lat' dir='ltr'><strong>et</strong></span> <span class='ocrx_word' id='word_1_7' title='bbox 789 626 821 689; x_wconf 90' lang='lat' dir='ltr'><strong>ei</strong></span> <span class='ocrx_word' id='word_1_8' title='bbox 848 625 1005 708; x_wconf 90' lang='lat' dir='ltr'><strong>Lyddam</strong></span> <span class='ocrx_word' id='word_1_9' title='bbox 1027 625 1159 690; x_wconf 87' lang='lat' dir='ltr'><strong>Romu·</strong></span> <span class='ocrx_word' id='word_1_10' title='bbox 1173 645 1228 684; x_wconf 70' lang='lat' dir='ltr'><strong>an.</strong></span> <span class='ocrx_word' id='word_1_11' title='bbox 1240 646 1296 685; x_wconf 79' lang='grc'>1111,</span> 
     </span>
     <span class='ocr_line' id='line_1_3' title="bbox 188 696 1319 808; baseline -0.003 -22"><span class='ocrx_word' id='word_1_12' title='bbox 188 724 348 807; x_wconf 90' lang='lat' dir='ltr'><strong>lamque</strong></span> <span class='ocrx_word' id='word_1_13' title='bbox 368 726 472 788; x_wconf 91' lang='lat' dir='ltr'><strong>urbes</strong></span> <span class='ocrx_word' id='word_1_14' title='bbox 488 744 566 788; x_wconf 90' lang='lat' dir='ltr'><strong>cnm</strong></span> <span class='ocrx_word' id='word_1_15' title='bbox 589 726 798 789; x_wconf 85' lang='lat' dir='ltr'>suburbanis</span> <span class='ocrx_word' id='word_1_16' title='bbox 820 726 1059 808; x_wconf 84' lang='lat' dir='ltr'><strong>adjacentibus</strong></span> <span class='ocrx_word' id='word_1_17' title='bbox 1081 696 1319 808; x_wconf 55' lang='lat' dir='ltr'><strong>pos-illim..</strong></span> 
     </span>
     <span class='ocr_line' id='line_1_4' title="bbox 187 824 1161 907; baseline -0.002 -17"><span class='ocrx_word' id='word_1_18' title='bbox 187 824 372 890; x_wconf 84' lang='lat' dir='ltr'><strong>sidendas</strong></span> <span class='ocrx_word' id='word_1_19' title='bbox 392 824 473 907; x_wconf 88' lang='lat' dir='ltr'><strong>jure</strong></span> <span class='ocrx_word' id='word_1_20' title='bbox 497 832 664 907; x_wconf 89' lang='lat' dir='ltr'><strong>perpetuo</strong></span> <span class='ocrx_word' id='word_1_21' title='bbox 694 824 926 888; x_wconf 88' lang='lat' dir='ltr'><strong>contulerunt.</strong></span> <span class='ocrx_word' id='word_1_22' title='bbox 980 824 1067 887; x_wconf 91' lang='lat' dir='ltr'><strong>Inde</strong></span> <span class='ocrx_word' id='word_1_23' title='bbox 1094 827 1161 890; x_wconf 91' lang='lat' dir='ltr'><strong>iter</strong></span> 
     </span>
     <span class='ocr_line' id='line_1_5' title="bbox 185 922 1158 1009; baseline -0.001 -21"><span class='ocrx_word' id='word_1_24' title='bbox 185 930 459 1009; x_wconf 78' lang='lat' dir='ltr'><strong>prosequentes</strong></span> <span class='ocrx_word' id='word_1_25' title='bbox 503 925 613 987; x_wconf 87' lang='lat' dir='ltr'>nostri</span> <span class='ocrx_word' id='word_1_26' title='bbox 661 922 859 1005; x_wconf 90' lang='lat' dir='ltr'><strong>Nicopolim</strong></span> <span class='ocrx_word' id='word_1_27' title='bbox 905 932 1158 1005; x_wconf 82' lang='lat' dir='ltr'><strong>pervenerunt3</strong></span> 
     </span>
     <span class='ocr_line' id='line_1_6' title="bbox 184 1021 1157 1106; baseline -0.002 -17"><span class='ocrx_word' id='word_1_28' title='bbox 184 1032 255 1089; x_wconf 87' lang='lat' dir='ltr'><strong>est</strong></span> <span class='ocrx_word' id='word_1_29' title='bbox 298 1028 418 1086; x_wconf 88' lang='lat' dir='ltr'><strong>autem</strong></span> <span class='ocrx_word' id='word_1_30' title='bbox 458 1021 641 1104; x_wconf 87' lang='lat' dir='ltr'><strong>Nicopolis</strong></span> <span class='ocrx_word' id='word_1_31' title='bbox 682 1024 808 1086; x_wconf 87' lang='lat' dir='ltr'><strong>civitas</strong></span> <span class='ocrx_word' id='word_1_32' title='bbox 844 1022 1045 1100; x_wconf 68' lang='lat' dir='ltr'><strong>Palestinae,</strong></span> <span class='ocrx_word' id='word_1_33' title='bbox 1078 1043 1157 1106; x_wconf 87' lang='lat' dir='ltr'><strong>quae</strong></span> 
     </span>
     <span class='ocr_line' id='line_1_7' title="bbox 185 1120 1158 1199; baseline -0.005 -9"><span class='ocrx_word' id='word_1_34' title='bbox 185 1125 304 1199; x_wconf 91' lang='lat' dir='ltr'><strong>olim,</strong></span> <span class='ocrx_word' id='word_1_35' title='bbox 327 1121 410 1185; x_wconf 90' lang='lat' dir='ltr'><strong>dum</strong></span> <span class='ocrx_word' id='word_1_36' title='bbox 430 1121 528 1186; x_wconf 90' lang='lat' dir='ltr'><strong>vicus</strong></span> <span class='ocrx_word' id='word_1_37' title='bbox 546 1129 649 1198; x_wconf 90' lang='lat' dir='ltr'><strong>esset,</strong></span> <span class='ocrx_word' id='word_1_38' title='bbox 670 1122 799 1184; x_wconf 90' lang='lat' dir='ltr'><strong>Emaus</strong></span> <span class='ocrx_word' id='word_1_39' title='bbox 822 1121 1012 1187; x_wconf 82' lang='lat' dir='ltr'><strong>dicebatur.</strong></span> <span class='ocrx_word' id='word_1_40' title='bbox 1063 1120 1158 1185; x_wconf 85' lang='lat' dir='ltr'><strong>Ante</strong></span> 
     </span>
     <span class='ocr_line' id='line_1_8' title="bbox 185 1219 1157 1303; baseline -0.003 -15"><span class='ocrx_word' id='word_1_41' title='bbox 185 1225 297 1288; x_wconf 87' lang='lat' dir='ltr'><strong>banc</strong></span> <span class='ocrx_word' id='word_1_42' title='bbox 315 1221 447 1297; x_wconf 89' lang='lat' dir='ltr'><strong>urbem,</strong></span> <span class='ocrx_word' id='word_1_43' title='bbox 461 1222 521 1284; x_wconf 91' lang='lat' dir='ltr'><strong>ubi</strong></span> <span class='ocrx_word' id='word_1_44' title='bbox 533 1220 694 1286; x_wconf 87' lang='lat' dir='ltr'><strong>Christus</strong></span> <span class='ocrx_word' id='word_1_45' title='bbox 707 1240 785 1285; x_wconf 93' lang='lat' dir='ltr'><strong>cum</strong></span> <span class='ocrx_word' id='word_1_46' title='bbox 796 1219 951 1303; x_wconf 87' lang='lat' dir='ltr'><strong>Cleopha</strong></span> <span class='ocrx_word' id='word_1_47' title='bbox 962 1221 1157 1285; x_wconf 82' lang='lat' dir='ltr'><strong>ambulasse</strong></span> 
     </span>
     <span class='ocr_line' id='line_1_9' title="bbox 184 1319 1156 1407; baseline -0.002 -22"><span class='ocrx_word' id='word_1_48' title='bbox 184 1331 289 1407; x_wconf 88' lang='lat' dir='ltr'><strong>post</strong></span> <span class='ocrx_word' id='word_1_49' title='bbox 319 1321 606 1385; x_wconf 81' lang='lat' dir='ltr'><strong>resurrectionem</strong></span> <span class='ocrx_word' id='word_1_50' title='bbox 641 1319 874 1402; x_wconf 88' lang='lat' dir='ltr'><strong>cognoscitur,</strong></span> <span class='ocrx_word' id='word_1_51' title='bbox 908 1321 986 1384; x_wconf 86' lang='lat' dir='ltr'><strong>fons</strong></span> <span class='ocrx_word' id='word_1_52' title='bbox 1016 1320 1156 1403; x_wconf 85' lang='lat' dir='ltr'><strong>quidam</strong></span> 
     </span>
     <span class='ocr_line' id='line_1_10' title="bbox 190 1419 1156 1503; baseline -0.003 -16"><span class='ocrx_word' id='word_1_53' title='bbox 190 1429 257 1487; x_wconf 87' lang='lat' dir='ltr'><strong>est</strong></span> <span class='ocrx_word' id='word_1_54' title='bbox 293 1420 472 1496; x_wconf 86' lang='lat' dir='ltr'><strong>salutaris,</strong></span> <span class='ocrx_word' id='word_1_55' title='bbox 494 1420 530 1483; x_wconf 93' lang='lat' dir='ltr'><strong>in</strong></span> <span class='ocrx_word' id='word_1_56' title='bbox 559 1440 628 1503; x_wconf 91' lang='lat' dir='ltr'><strong>quo</strong></span> <span class='ocrx_word' id='word_1_57' title='bbox 656 1419 811 1484; x_wconf 89' lang='lat' dir='ltr'><strong>homines</strong></span> <span class='ocrx_word' id='word_1_58' title='bbox 842 1420 969 1482; x_wconf 89' lang='lat' dir='ltr'><strong>infirmi</strong></span> <span class='ocrx_word' id='word_1_59' title='bbox 995 1419 1098 1482; x_wconf 92' lang='lat' dir='ltr'><strong>simul</strong></span> <span class='ocrx_word' id='word_1_60' title='bbox 1121 1427 1156 1484; x_wconf 89' lang='lat' dir='ltr'><strong>et</strong></span> 
     </span>
     <span class='ocr_line' id='line_1_11' title="bbox 188 1518 1156 1606; baseline -0.004 -20"><span class='ocrx_word' id='word_1_61' title='bbox 188 1522 369 1606; x_wconf 77' lang='lat' dir='ltr'><strong>jumenta</strong></span> <span class='ocrx_word' id='word_1_62' title='bbox 399 1518 520 1583; x_wconf 90' lang='lat' dir='ltr'><strong>abluta</strong></span> <span class='ocrx_word' id='word_1_63' title='bbox 547 1538 569 1582; x_wconf 90' lang='lat' dir='ltr'><strong>a</strong></span> <span class='ocrx_word' id='word_1_64' title='bbox 597 1518 743 1584; x_wconf 89' lang='lat' dir='ltr'><strong>diversis</strong></span> <span class='ocrx_word' id='word_1_65' title='bbox 776 1519 1002 1599; x_wconf 88' lang='lat' dir='ltr'><strong>languoribus</strong></span> <span class='ocrx_word' id='word_1_66' title='bbox 1035 1538 1156 1582; x_wconf 92' lang='lat' dir='ltr'><strong>emun-</strong></span> 
     </span>
     <span class='ocr_line' id='line_1_12' title="bbox 196 1617 1156 1701; baseline -0.005 -15"><span class='ocrx_word' id='word_1_67' title='bbox 196 1622 362 1696; x_wconf 83' lang='lat' dir='ltr'><strong>dantur3</strong></span> <span class='ocrx_word' id='word_1_68' title='bbox 400 1637 479 1681; x_wconf 89' lang='lat' dir='ltr'><strong>nam</strong></span> <span class='ocrx_word' id='word_1_69' title='bbox 512 1617 672 1683; x_wconf 85' lang='lat' dir='ltr'><strong>Christus</strong></span> <span class='ocrx_word' id='word_1_70' title='bbox 706 1626 860 1701; x_wconf 89' lang='lat' dir='ltr'><strong>tempore</strong></span> <span class='ocrx_word' id='word_1_71' title='bbox 897 1617 1046 1700; x_wconf 90' lang='lat' dir='ltr'><strong>quodam</strong></span> <span class='ocrx_word' id='word_1_72' title='bbox 1078 1638 1156 1682; x_wconf 90' lang='lat' dir='ltr'><strong>cum</strong></span> 
     </span>
     <span class='ocr_line' id='line_1_13' title="bbox 198 1717 1155 1801; baseline -0.005 -17"><span class='ocrx_word' id='word_1_73' title='bbox 198 1717 389 1801; x_wconf 81' lang='lat' dir='ltr'><strong>discipulis</strong></span> <span class='ocrx_word' id='word_1_74' title='bbox 422 1719 493 1780; x_wconf 91' lang='lat' dir='ltr'><strong>suis</strong></span> <span class='ocrx_word' id='word_1_75' title='bbox 515 1737 577 1799; x_wconf 89' lang='lat' dir='ltr'><strong>per</strong></span> <span class='ocrx_word' id='word_1_76' title='bbox 606 1719 736 1782; x_wconf 88' lang='lat' dir='ltr'><strong>fontem</strong></span> <span class='ocrx_word' id='word_1_77' title='bbox 766 1717 937 1780; x_wconf 89' lang='lat' dir='ltr'><strong>transiens</strong></span> <span class='ocrx_word' id='word_1_78' title='bbox 964 1717 1091 1780; x_wconf 89' lang='lat' dir='ltr'><strong>dicitnr</strong></span> <span class='ocrx_word' id='word_1_79' title='bbox 1120 1718 1155 1780; x_wconf 92' lang='lat' dir='ltr'><strong>in</strong></span> 
     </span>
     <span class='ocr_line' id='line_1_14' title="bbox 205 1814 1158 1900; baseline -0.004 -17"><span class='ocrx_word' id='word_1_80' title='bbox 205 1839 243 1883; x_wconf 85' lang='lat' dir='ltr'><strong>eo</strong></span> <span class='ocrx_word' id='word_1_81' title='bbox 269 1817 380 1900; x_wconf 89' lang='lat' dir='ltr'><strong>pedes</strong></span> <span class='ocrx_word' id='word_1_82' title='bbox 410 1836 493 1880; x_wconf 89' lang='lat' dir='ltr'><strong>suos</strong></span> <span class='ocrx_word' id='word_1_83' title='bbox 521 1816 660 1894; x_wconf 88' lang='lat' dir='ltr'><strong>lavisse,</strong></span> <span class='ocrx_word' id='word_1_84' title='bbox 697 1836 742 1880; x_wconf 84' lang='lat' dir='ltr'><strong>ex</strong></span> <span class='ocrx_word' id='word_1_85' title='bbox 769 1836 838 1898; x_wconf 94' lang='lat' dir='ltr'><strong>quo</strong></span> <span class='ocrx_word' id='word_1_86' title='bbox 864 1814 957 1879; x_wconf 88' lang='lat' dir='ltr'><strong>sacta</strong></span> <span class='ocrx_word' id='word_1_87' title='bbox 989 1825 1043 1882; x_wconf 89' lang='lat' dir='ltr'><strong>est</strong></span> <span class='ocrx_word' id='word_1_88' title='bbox 1065 1835 1158 1899; x_wconf 89' lang='lat' dir='ltr'><strong>aqua</strong></span> 
     </span>
    </p>
   </div>
   <div class='ocr_carea' id='block_1_3' title="bbox 208 1915 883 1998">
    <p class='ocr_par' dir='ltr' id='par_1_3' title="bbox 208 1915 883 1998">
     <span class='ocr_line' id='line_1_15' title="bbox 208 1915 883 1998; baseline -0.003 -17"><span class='ocrx_word' id='word_1_89' title='bbox 208 1918 424 1983; x_wconf 87' lang='lat' dir='ltr'><strong>diversarum</strong></span> <span class='ocrx_word' id='word_1_90' title='bbox 441 1915 652 1980; x_wconf 90' lang='lat' dir='ltr'><strong>medicamen</strong></span> <span class='ocrx_word' id='word_1_91' title='bbox 671 1916 883 1998; x_wconf 85' lang='lat' dir='ltr'><strong>passionum.</strong></span> 
     </span>
    </p>
   </div>
   <div class='ocr_carea' id='block_1_4' title="bbox 281 2085 1079 2271">
    <p class='ocr_par' dir='ltr' id='par_1_4' title="bbox 281 2085 1079 2271">
     <span class='ocr_line' id='line_1_16' title="bbox 281 2085 1079 2166; baseline 0.003 -15"><span class='ocrx_word' id='word_1_92' title='bbox 281 2085 380 2151; x_wconf 77' lang='lat' dir='ltr'><strong>Terei</strong></span> <span class='ocrx_word' id='word_1_93' title='bbox 393 2086 548 2150; x_wconf 65' lang='lat' dir='ltr'><strong>oioitomm</strong></span> <span class='ocrx_word' id='word_1_94' title='bbox 561 2097 701 2152; x_wconf 68' lang='lat' dir='ltr'><strong>samiam</strong></span> <span class='ocrx_word' id='word_1_95' title='bbox 714 2089 870 2166; x_wconf 77' lang='lat' dir='ltr'><strong>oowoioot,</strong></span> <span class='ocrx_word' id='word_1_96' title='bbox 887 2088 1079 2153; x_wconf 74' lang='lat' dir='ltr'><strong>Christianos</strong></span> 
     </span>
     <span class='ocr_line' id='line_1_17' title="bbox 597 2187 770 2271; baseline -0.012 -20"><span class='ocrx_word' id='word_1_97' title='bbox 597 2187 770 2271; x_wconf 55' lang='lat' dir='ltr'><strong>policrates.</strong></span> 
     </span>
    </p>
   </div>
   <div class='ocr_carea' id='block_1_5' title="bbox 209 2309 1292 3880">
    <p class='ocr_par' dir='ltr' id='par_1_5' title="bbox 209 2309 1292 3880">
     <span class='ocr_line' id='line_1_18' title="bbox 257 2309 1260 2391; baseline -0.004 -16"><span class='ocrx_word' id='word_1_98' title='bbox 257 2309 367 2375; x_wconf 86' lang='lat' dir='ltr'><strong>Turci</strong></span> <span class='ocrx_word' id='word_1_99' title='bbox 389 2310 540 2387; x_wconf 84' lang='lat' dir='ltr'><strong>interim,</strong></span> <span class='ocrx_word' id='word_1_100' title='bbox 559 2311 619 2391; x_wconf 92' lang='lat' dir='ltr'><strong>qui</strong></span> <span class='ocrx_word' id='word_1_101' title='bbox 641 2311 678 2373; x_wconf 90' lang='lat' dir='ltr'><strong>iu</strong></span> <span class='ocrx_word' id='word_1_102' title='bbox 702 2309 923 2374; x_wconf 86' lang='lat' dir='ltr'><strong>Hierusalem</strong></span> <span class='ocrx_word' id='word_1_103' title='bbox 940 2311 1260 2389; x_wconf 61' lang='lat' dir='ltr'><strong>habitabantsregeo</strong></span> 
     </span>
     <span class='ocr_line' id='line_1_19' title="bbox 210 2384 1292 2491; baseline 0.003 -19"><span class='ocrx_word' id='word_1_104' title='bbox 210 2408 465 2491; x_wconf 86' lang='lat' dir='ltr'><strong>peregrinorum</strong></span> <span class='ocrx_word' id='word_1_105' title='bbox 509 2417 757 2491; x_wconf 80' lang='lat' dir='ltr'><strong>cognoscentes</strong></span> <span class='ocrx_word' id='word_1_106' title='bbox 798 2411 997 2487; x_wconf 90' lang='lat' dir='ltr'><strong>adventum,</strong></span> <span class='ocrx_word' id='word_1_107' title='bbox 1038 2412 1157 2475; x_wconf 92' lang='lat' dir='ltr'><strong>urbem</strong></span> <span class='ocrx_word' id='word_1_108' title='bbox 1167 2384 1292 2423; x_wconf 55' lang='lat' dir='ltr'><strong>”mm</strong></span> 
     </span>
     <span class='ocr_line' id='line_1_20' title="bbox 211 2509 1156 2591; baseline 0.002 -19"><span class='ocrx_word' id='word_1_109' title='bbox 211 2509 417 2572; x_wconf 89' lang='lat' dir='ltr'><strong>communire</strong></span> <span class='ocrx_word' id='word_1_110' title='bbox 446 2509 641 2572; x_wconf 91' lang='lat' dir='ltr'><strong>cumomni</strong></span> <span class='ocrx_word' id='word_1_111' title='bbox 667 2509 898 2574; x_wconf 89' lang='lat' dir='ltr'><strong>sollicitudine</strong></span> <span class='ocrx_word' id='word_1_112' title='bbox 928 2511 1156 2591; x_wconf 79' lang='lat' dir='ltr'><strong>satagebant3</strong></span> 
     </span>
     <span class='ocr_line' id='line_1_21' title="bbox 210 2606 1159 2691; baseline 0.002 -20"><span class='ocrx_word' id='word_1_113' title='bbox 210 2626 233 2671; x_wconf 87' lang='lat' dir='ltr'><strong>a</strong></span> <span class='ocrx_word' id='word_1_114' title='bbox 250 2606 410 2671; x_wconf 87' lang='lat' dir='ltr'><strong>fidelibus</strong></span> <span class='ocrx_word' id='word_1_115' title='bbox 433 2627 571 2690; x_wconf 91' lang='lat' dir='ltr'><strong>quoque</strong></span> <span class='ocrx_word' id='word_1_116' title='bbox 596 2608 742 2685; x_wconf 88' lang='lat' dir='ltr'><strong>cunctis,</strong></span> <span class='ocrx_word' id='word_1_117' title='bbox 765 2609 881 2691; x_wconf 91' lang='lat' dir='ltr'><strong>quiin</strong></span> <span class='ocrx_word' id='word_1_118' title='bbox 911 2610 995 2673; x_wconf 88' lang='lat' dir='ltr'><strong>urbe</strong></span> <span class='ocrx_word' id='word_1_119' title='bbox 1021 2610 1159 2673; x_wconf 87' lang='lat' dir='ltr'><strong>habita·</strong></span> 
     </span>
     <span class='ocr_line' id='line_1_22' title="bbox 209 2706 1157 2790; baseline 0.001 -20"><span class='ocrx_word' id='word_1_120' title='bbox 209 2707 304 2783; x_wconf 89' lang='lat' dir='ltr'><strong>bant,</strong></span> <span class='ocrx_word' id='word_1_121' title='bbox 325 2707 489 2770; x_wconf 90' lang='lat' dir='ltr'><strong>universa</strong></span> <span class='ocrx_word' id='word_1_122' title='bbox 511 2726 615 2788; x_wconf 89' lang='lat' dir='ltr'><strong>quam</strong></span> <span class='ocrx_word' id='word_1_123' title='bbox 640 2706 813 2771; x_wconf 88' lang='lat' dir='ltr'><strong>habebant</strong></span> <span class='ocrx_word' id='word_1_124' title='bbox 835 2714 974 2772; x_wconf 86' lang='lat' dir='ltr'><strong>extorta</strong></span> <span class='ocrx_word' id='word_1_125' title='bbox 998 2709 1157 2790; x_wconf 87' lang='lat' dir='ltr'><strong>pecunia,</strong></span> 
     </span>
     <span class='ocr_line' id='line_1_23' title="bbox 211 2805 1156 2890; baseline 0.002 -21"><span class='ocrx_word' id='word_1_126' title='bbox 211 2813 244 2870; x_wconf 89' lang='lat' dir='ltr'><strong>et</strong></span> <span class='ocrx_word' id='word_1_127' title='bbox 256 2806 422 2889; x_wconf 87' lang='lat' dir='ltr'><strong>quicquid</strong></span> <span class='ocrx_word' id='word_1_128' title='bbox 441 2805 567 2869; x_wconf 90' lang='lat' dir='ltr'><strong>habere</strong></span> <span class='ocrx_word' id='word_1_129' title='bbox 583 2805 800 2883; x_wconf 89' lang='lat' dir='ltr'><strong>videbantur,</strong></span> <span class='ocrx_word' id='word_1_130' title='bbox 818 2814 890 2870; x_wconf 89' lang='lat' dir='ltr'><strong>tam</strong></span> <span class='ocrx_word' id='word_1_131' title='bbox 909 2827 930 2871; x_wconf 91' lang='lat' dir='ltr'><strong>a</strong></span> <span class='ocrx_word' id='word_1_132' title='bbox 946 2808 1156 2890; x_wconf 87' lang='lat' dir='ltr'><strong>patriarcha,</strong></span> 
     </span>
     <span class='ocr_line' id='line_1_24' title="bbox 210 2904 1156 2990; baseline 0.002 -22"><span class='ocrx_word' id='word_1_133' title='bbox 210 2906 267 2987; x_wconf 92' lang='lat' dir='ltr'><strong>qui</strong></span> <span class='ocrx_word' id='word_1_134' title='bbox 281 2904 361 2969; x_wconf 89' lang='lat' dir='ltr'><strong>urbi</strong></span> <span class='ocrx_word' id='word_1_135' title='bbox 375 2912 536 2987; x_wconf 86' lang='lat' dir='ltr'><strong>praeerat,</strong></span> <span class='ocrx_word' id='word_1_136' title='bbox 552 2924 655 2986; x_wconf 88' lang='lat' dir='ltr'><strong>quam</strong></span> <span class='ocrx_word' id='word_1_137' title='bbox 673 2924 695 2969; x_wconf 88' lang='lat' dir='ltr'><strong>a</strong></span> <span class='ocrx_word' id='word_1_138' title='bbox 709 2906 838 2988; x_wconf 92' lang='lat' dir='ltr'><strong>populo</strong></span> <span class='ocrx_word' id='word_1_139' title='bbox 856 2913 931 2970; x_wconf 93' lang='lat' dir='ltr'><strong>toto</strong></span> <span class='ocrx_word' id='word_1_140' title='bbox 947 2907 1156 2990; x_wconf 88' lang='lat' dir='ltr'><strong>quatuorde-</strong></span> 
     </span>
     <span class='ocr_line' id='line_1_25' title="bbox 211 3004 1156 3088; baseline -0.004 -15"><span class='ocrx_word' id='word_1_141' title='bbox 211 3005 274 3073; x_wconf 81' lang='lat' dir='ltr'><strong>cim</strong></span> <span class='ocrx_word' id='word_1_142' title='bbox 304 3022 487 3068; x_wconf 88' lang='lat' dir='ltr'><strong>aureorum</strong></span> <span class='ocrx_word' id='word_1_143' title='bbox 510 3004 618 3069; x_wconf 92' lang='lat' dir='ltr'><strong>millia</strong></span> <span class='ocrx_word' id='word_1_144' title='bbox 644 3005 881 3084; x_wconf 83' lang='lat' dir='ltr'><strong>abstulerunt3</strong></span> <span class='ocrx_word' id='word_1_145' title='bbox 905 3007 1030 3088; x_wconf 90' lang='lat' dir='ltr'><strong>quibus</strong></span> <span class='ocrx_word' id='word_1_146' title='bbox 1056 3007 1156 3069; x_wconf 90' lang='lat' dir='ltr'><strong>bonis</strong></span> 
     </span>
     <span class='ocr_line' id='line_1_26' title="bbox 209 3103 1156 3186; baseline -0.001 -16"><span class='ocrx_word' id='word_1_147' title='bbox 209 3105 367 3171; x_wconf 89' lang='lat' dir='ltr'><strong>omnibus</strong></span> <span class='ocrx_word' id='word_1_148' title='bbox 396 3103 567 3185; x_wconf 69' lang='lat' dir='ltr'><strong>spoliatis</strong></span> <span class='ocrx_word' id='word_1_149' title='bbox 593 3104 772 3168; x_wconf 92' lang='lat' dir='ltr'><strong>universos</strong></span> <span class='ocrx_word' id='word_1_150' title='bbox 802 3106 846 3167; x_wconf 90' lang='lat' dir='ltr'><strong>ab</strong></span> <span class='ocrx_word' id='word_1_151' title='bbox 878 3106 972 3183; x_wconf 90' lang='lat' dir='ltr'><strong>urbe,</strong></span> <span class='ocrx_word' id='word_1_152' title='bbox 1001 3107 1156 3186; x_wconf 83' lang='lat' dir='ltr'><strong>exceptis</strong></span> 
     </span>
     <span class='ocr_line' id='line_1_27' title="bbox 209 3202 1156 3286; baseline -0.001 -19"><span class='ocrx_word' id='word_1_153' title='bbox 209 3204 347 3267; x_wconf 84' lang='lat' dir='ltr'><strong>senibus</strong></span> <span class='ocrx_word' id='word_1_154' title='bbox 365 3209 401 3266; x_wconf 91' lang='lat' dir='ltr'><strong>et</strong></span> <span class='ocrx_word' id='word_1_155' title='bbox 415 3203 573 3280; x_wconf 88' lang='lat' dir='ltr'><strong>infirmis,</strong></span> <span class='ocrx_word' id='word_1_156' title='bbox 596 3202 796 3267; x_wconf 90' lang='lat' dir='ltr'><strong>mulieribus</strong></span> <span class='ocrx_word' id='word_1_157' title='bbox 815 3211 850 3266; x_wconf 92' lang='lat' dir='ltr'><strong>et</strong></span> <span class='ocrx_word' id='word_1_158' title='bbox 865 3204 1032 3286; x_wconf 88' lang='lat' dir='ltr'><strong>parvulis,</strong></span> <span class='ocrx_word' id='word_1_159' title='bbox 1051 3204 1156 3286; x_wconf 89' lang='lat' dir='ltr'><strong>depu-</strong></span> 
     </span>
     <span class='ocr_line' id='line_1_28' title="bbox 209 3301 1157 3384; baseline 0 -20"><span class='ocrx_word' id='word_1_160' title='bbox 209 3301 331 3366; x_wconf 88' lang='lat' dir='ltr'><strong>lerunt</strong></span> <span class='ocrx_word' id='word_1_161' title='bbox 396 3301 577 3384; x_wconf 81' lang='lat' dir='ltr'><strong>Peregrini</strong></span> <span class='ocrx_word' id='word_1_162' title='bbox 598 3303 742 3378; x_wconf 88' lang='lat' dir='ltr'><strong>interea,</strong></span> <span class='ocrx_word' id='word_1_163' title='bbox 763 3303 889 3384; x_wconf 92' lang='lat' dir='ltr'><strong>quibus</strong></span> <span class='ocrx_word' id='word_1_164' title='bbox 915 3322 1013 3366; x_wconf 88' lang='lat' dir='ltr'><strong>mora</strong></span> <span class='ocrx_word' id='word_1_165' title='bbox 1036 3321 1157 3384; x_wconf 88' lang='lat' dir='ltr'><strong>proce-</strong></span> 
     </span>
     <span class='ocr_line' id='line_1_29' title="bbox 209 3401 1156 3484; baseline -0.001 -20"><span class='ocrx_word' id='word_1_166' title='bbox 209 3401 308 3465; x_wconf 91' lang='lat' dir='ltr'><strong>dendi</strong></span> <span class='ocrx_word' id='word_1_167' title='bbox 331 3401 526 3484; x_wconf 88' lang='lat' dir='ltr'><strong>periculosa</strong></span> <span class='ocrx_word' id='word_1_168' title='bbox 543 3402 735 3478; x_wconf 87' lang='lat' dir='ltr'><strong>videbatur,</strong></span> <span class='ocrx_word' id='word_1_169' title='bbox 758 3421 891 3464; x_wconf 89' lang='lat' dir='ltr'><strong>summo</strong></span> <span class='ocrx_word' id='word_1_170' title='bbox 912 3401 1064 3465; x_wconf 90' lang='lat' dir='ltr'><strong>diluculo</strong></span> <span class='ocrx_word' id='word_1_171' title='bbox 1079 3421 1156 3464; x_wconf 92' lang='lat' dir='ltr'><strong>eum</strong></span> 
     </span>
     <span class='ocr_line' id='line_1_30' title="bbox 210 3499 1157 3582; baseline 0.003 -21"><span class='ocrx_word' id='word_1_172' title='bbox 210 3499 343 3566; x_wconf 85' lang='lat' dir='ltr'><strong>fervore</strong></span> <span class='ocrx_word' id='word_1_173' title='bbox 374 3500 442 3582; x_wconf 82' lang='lat' dir='ltr'><strong>piae</strong></span> <span class='ocrx_word' id='word_1_174' title='bbox 473 3499 667 3565; x_wconf 90' lang='lat' dir='ltr'><strong>devotionis</strong></span> <span class='ocrx_word' id='word_1_175' title='bbox 696 3501 764 3564; x_wconf 90' lang='lat' dir='ltr'><strong>iter</strong></span> <span class='ocrx_word' id='word_1_176' title='bbox 797 3501 1039 3581; x_wconf 75' lang='lat' dir='ltr'><strong>aggredientes</strong></span> <span class='ocrx_word' id='word_1_177' title='bbox 1070 3510 1105 3564; x_wconf 89' lang='lat' dir='ltr'><strong>et</strong></span> <span class='ocrx_word' id='word_1_178' title='bbox 1138 3521 1157 3564; x_wconf 91' lang='lat' dir='ltr'><strong>e</strong></span> 
     </span>
     <span class='ocr_line' id='line_1_31' title="bbox 211 3593 1157 3681; baseline -0.001 -17"><span class='ocrx_word' id='word_1_179' title='bbox 211 3600 320 3664; x_wconf 88' lang='lat' dir='ltr'><strong>vicino</strong></span> <span class='ocrx_word' id='word_1_180' title='bbox 341 3601 461 3663; x_wconf 93' lang='lat' dir='ltr'><strong>urbem</strong></span> <span class='ocrx_word' id='word_1_181' title='bbox 480 3607 636 3663; x_wconf 88' lang='lat' dir='ltr'><strong>sanctam</strong></span> <span class='ocrx_word' id='word_1_182' title='bbox 658 3593 897 3663; x_wconf 88' lang='lat' dir='ltr'><strong>¹Hierusalem</strong></span> <span class='ocrx_word' id='word_1_183' title='bbox 921 3600 1157 3681; x_wconf 88' lang='lat' dir='ltr'><strong>contemplan-</strong></span> 
     </span>
     <span class='ocr_line' id='line_1_32' title="bbox 211 3698 1157 3781; baseline -0.003 -18"><span class='ocrx_word' id='word_1_184' title='bbox 211 3705 273 3776; x_wconf 85' lang='lat' dir='ltr'><strong>tes,</strong></span> <span class='ocrx_word' id='word_1_185' title='bbox 295 3718 374 3763; x_wconf 91' lang='lat' dir='ltr'><strong>cum</strong></span> <span class='ocrx_word' id='word_1_186' title='bbox 402 3699 533 3780; x_wconf 91' lang='lat' dir='ltr'><strong>gemitu</strong></span> <span class='ocrx_word' id='word_1_187' title='bbox 553 3706 588 3762; x_wconf 92' lang='lat' dir='ltr'><strong>et</strong></span> <span class='ocrx_word' id='word_1_188' title='bbox 609 3699 793 3781; x_wconf 85' lang='lat' dir='ltr'><strong>lachrymis</strong></span> <span class='ocrx_word' id='word_1_189' title='bbox 813 3717 886 3781; x_wconf 83' lang='lat' dir='ltr'><strong>prae</strong></span> <span class='ocrx_word' id='word_1_190' title='bbox 909 3698 1037 3779; x_wconf 88' lang='lat' dir='ltr'><strong>gaudio</strong></span> <span class='ocrx_word' id='word_1_191' title='bbox 1059 3699 1157 3775; x_wconf 88' lang='lat' dir='ltr'><strong>fusis,</strong></span> 
     </span>
     <span class='ocr_line' id='line_1_33' title="bbox 213 3797 1158 3880; baseline 0 -20"><span class='ocrx_word' id='word_1_192' title='bbox 213 3797 309 3861; x_wconf 88' lang='lat' dir='ltr'><strong>nudis</strong></span> <span class='ocrx_word' id='word_1_193' title='bbox 337 3798 493 3879; x_wconf 89' lang='lat' dir='ltr'><strong>vestigiis</strong></span> <span class='ocrx_word' id='word_1_194' title='bbox 519 3805 636 3880; x_wconf 84' lang='lat' dir='ltr'><strong>coepto</strong></span> <span class='ocrx_word' id='word_1_195' title='bbox 661 3799 776 3861; x_wconf 89' lang='lat' dir='ltr'><strong>itineri</strong></span> <span class='ocrx_word' id='word_1_196' title='bbox 804 3798 994 3862; x_wconf 85' lang='lat' dir='ltr'><strong>ferventius</strong></span> <span class='ocrx_word' id='word_1_197' title='bbox 1022 3798 1158 3860; x_wconf 91' lang='lat' dir='ltr'><strong>instite-</strong></span> 
     </span>
    </p>
   </div>
   <div class='ocr_carea' id='block_1_6' title="bbox 213 3972 1159 4235">
    <p class='ocr_par' dir='ltr' id='par_1_6' title="bbox 213 3972 1159 4235">
     <span class='ocr_line' id='line_1_34' title="bbox 244 3972 1157 4038; baseline -0.004 -13"><span class='ocrx_word' id='word_1_198' title='bbox 244 3972 251 4003; x_wconf 92' lang='lat'><strong>¹</strong></span> <span class='ocrx_word' id='word_1_199' title='bbox 272 3976 429 4025; x_wconf 77' lang='lat' dir='ltr'><strong>Hierusalem</strong></span> <span class='ocrx_word' id='word_1_200' title='bbox 452 3974 668 4038; x_wconf 70' lang='lat' dir='ltr'><strong>contemplantes]</strong></span> <span class='ocrx_word' id='word_1_201' title='bbox 693 3976 752 4026; x_wconf 88' lang='lat' dir='ltr'><strong>lem.</strong></span> <span class='ocrx_word' id='word_1_202' title='bbox 781 3972 1074 4035; x_wconf 81' lang='lat' dir='ltr'><strong>Falleradds‚‘Allbad</strong></span> <span class='ocrx_word' id='word_1_203' title='bbox 1082 3973 1157 4021; x_wconf 91' lang='lat' dir='ltr'><strong>much</strong></span> 
     </span>
     <span class='ocr_line' id='line_1_35' title="bbox 213 4042 1159 4107; baseline -0.006 -13"><span class='ocrx_word' id='word_1_204' title='bbox 213 4043 330 4107; x_wconf 83' lang='lat' dir='ltr'><strong>Compare</strong></span> <span class='ocrx_word' id='word_1_205' title='bbox 352 4045 396 4094; x_wconf 89' lang='lat' dir='ltr'><strong>tlre</strong></span> <span class='ocrx_word' id='word_1_206' title='bbox 418 4045 525 4106; x_wconf 78' lang='lat' dir='ltr'><strong>spirited</strong></span> <span class='ocrx_word' id='word_1_207' title='bbox 546 4046 670 4093; x_wconf 84' lang='lat' dir='ltr'><strong>narrative</strong></span> <span class='ocrx_word' id='word_1_208' title='bbox 695 4046 744 4093; x_wconf 84' lang='lat' dir='ltr'><strong>ado</strong></span> <span class='ocrx_word' id='word_1_209' title='bbox 760 4049 786 4092; x_wconf 88' lang='lat' dir='ltr'><strong>to</strong></span> <span class='ocrx_word' id='word_1_210' title='bbox 803 4058 909 4105; x_wconf 84' lang='lat' dir='ltr'><strong>manage</strong></span> <span class='ocrx_word' id='word_1_211' title='bbox 927 4057 955 4090; x_wconf 88' lang='lat' dir='ltr'><strong>so</strong></span> <span class='ocrx_word' id='word_1_212' title='bbox 972 4042 1159 4103; x_wconf 64' lang='grc' dir='ltr'>111111ςὶ111-</span> 
     </span>
     <span class='ocr_line' id='line_1_36' title="bbox 214 4109 1085 4176; baseline -0.002 -15"><span class='ocrx_word' id='word_1_213' title='bbox 214 4114 239 4161; x_wconf 83' lang='lat' dir='ltr'><strong>oi</strong></span> <span class='ocrx_word' id='word_1_214' title='bbox 255 4116 348 4165; x_wconf 83' lang='lat' dir='ltr'><strong>Bobert</strong></span> <span class='ocrx_word' id='word_1_215' title='bbox 363 4115 407 4163; x_wconf 86' lang='lat' dir='ltr'><strong>the</strong></span> <span class='ocrx_word' id='word_1_216' title='bbox 430 4114 512 4162; x_wconf 87' lang='lat' dir='ltr'><strong>Monk</strong></span> <span class='ocrx_word' id='word_1_217' title='bbox 538 4130 604 4176; x_wconf 93' lang='lat' dir='ltr'><strong>upon</strong></span> <span class='ocrx_word' id='word_1_218' title='bbox 628 4114 670 4162; x_wconf 91' lang='lat' dir='ltr'><strong>the</strong></span> <span class='ocrx_word' id='word_1_219' title='bbox 695 4109 785 4163; x_wconf 89' lang='lat' dir='ltr'><strong>nesse.&#39;</strong></span> <span class='ocrx_word' id='word_1_220' title='bbox 815 4113 994 4172; x_wconf 85' lang='lat' dir='ltr'><strong>HolyWarrs,</strong></span> <span class='ocrx_word' id='word_1_221' title='bbox 1007 4125 1032 4171; x_wconf 87' lang='lat' dir='ltr'><strong>p.</strong></span> <span class='ocrx_word' id='word_1_222' title='bbox 1045 4114 1085 4159; x_wconf 74' lang='lat'><strong>39.</strong></span> 
     </span>
     <span class='ocr_line' id='line_1_37' title="bbox 214 4180 672 4235; baseline -0.004 -2"><span class='ocrx_word' id='word_1_223' title='bbox 214 4180 352 4235; x_wconf 80' lang='lat' dir='ltr'><strong>Grusaders&#39;</strong></span> <span class='ocrx_word' id='word_1_224' title='bbox 372 4186 428 4233; x_wconf 81' lang='lat' dir='ltr'><strong>lirst</strong></span> <span class='ocrx_word' id='word_1_225' title='bbox 445 4185 512 4233; x_wconf 83' lang='lat' dir='ltr'><strong>view</strong></span> <span class='ocrx_word' id='word_1_226' title='bbox 531 4184 561 4232; x_wconf 83' lang='lat' dir='ltr'><strong>of</strong></span> <span class='ocrx_word' id='word_1_227' title='bbox 567 4185 672 4233; x_wconf 85' lang='lat' dir='ltr'><strong>Jerusa-</strong></span> 
     </span>
    </p>
   </div>
   <div class='ocr_carea' id='block_1_7' title="bbox 0 0 1471 5018">
    <p class='ocr_par' dir='ltr' id='par_1_7' title="bbox 0 0 1471 5018">
     <span class='ocr_line' id='line_1_38' title="bbox 0 0 1471 5018; baseline 0 0"><span class='ocrx_word' id='word_1_228' title='bbox 0 0 1471 5018; x_wconf 95' lang='lat' dir='ltr'><strong> </strong></span> 
     </span>
    </p>
   </div>
  </div>
 </body>
</html>
