3138 5184
398 602 539 650 riorus
562 600 831 650 ιιιιιιιιιιιιιιι.
1023 580 1089 644 loo

143 774 229 833 rum,
247 757 348 839 cujus
369 778 496 840 corpus
514 759 608 840 apud
624 755 973 820 westmonasterium
989 753 1086 836 quie-
1099 769 1154 810 un
1164 771 1221 810 nn

143 861 208 916 tem
229 857 420 937 sepulture
440 859 587 938 accepit,
607 865 644 920 et
664 857 781 920 anima
802 855 880 938 ojus
900 873 940 918 so
961 851 1085 916 oaelum

142 953 316 1032 poffl'dere
338 956 556 1020 evidentibus
571 956 680 1038 signis
701 963 738 1018 et
759 952 935 1018 miraculis
955 951 1086 1016 crebris

142 1052 303 1116 ostendit.
366 1053 457 1118 Haec
478 1063 595 1120 autem
619 1055 742 1134 regina
764 1051 964 1116 matisnmu
992 1047 1086 1132 apud

142 1150 259 1212 urbem
285 1150 543 1216 londoniarum
564 1153 703 1216 domum
724 1151 911 1216 edificavit
931 1149 1086 1231 leproso·

142 1267 227 1324 rum,
248 1268 329 1314 cum
350 1253 504 1316 oratorio
525 1260 562 1315 et
582 1251 727 1316 edificio
748 1248 971 1331 competenti,
992 1245 1085 1328 quod

142 1365 251 1429 usque
265 1347 370 1412 hodie
383 1349 571 1432 Hospitale
582 1349 740 1414 Matildis
753 1355 985 1430 nuncupetur.

307 1521 358 1584 Dc
371 1521 490 1606 eripias
502 1522 621 1584 ordinis
635 1521 756 1586 militie
773 1518 904 1604 Templi.

193 1636 313 1706 Circa¹
326 1643 402 1708 dios
416 1646 503 1708 istos
520 1645 585 1708 vin
575 1645 739 1726 quidam
754 1642 887 1706 nobiles
902 1641 947 1704 do
961 1657 1086 1722 eques·
1071 1655 1197 1754 -orgus

146 1741 188 1802 tri
208 1741 342 1817 ordine,
360 1743 515 1824 religiosi
535 1762 576 1806 ac
592 1744 704 1808 Deum
721 1744 893 1816 timentes,
910 1740 946 1802 in
965 1757 1086 1802 manus
1097 1705 1206 1844 ringis

148 1839 353 1919 patriarche
379 1840 699 1923 Hierosolymitsni,
727 1839 858 1904 Christi
883 1857 922 1900 se
945 1837 1086 1902 servitio

148 1939 397 2019 mancipantes,
419 1959 515 2004 more
539 1940 783 2004 canonicorum
805 1936 1028 2018 regularium,
1052 1935 1086 1996 in

147 2037 307 2100 castitate
330 2045 367 2100 et
390 2037 586 2103 obedientia
609 2038 826 2120 propriaequo
842 2035 1015 2100 voluntati
1036 2053 1088 2096 rc·

149 2135 361 2211 nuntiantes,
380 2143 547 2217 perpetuo
567 2135 684 2200 vivere
703 2145 786 2200 suut
802 2132 973 2216 professi3
1004 2150 1087 2214 quo·

149 2251 223 2295 rum
252 2234 358 2314 primi
385 2235 526 2300 fuerunt
557 2236 623 2298 viri
646 2233 872 2309 venerabiles,
906 2231 1014 2312 Hugo
1045 2229 1089 2292 de

152 2329 305 2410 Paganis
340 2339 376 2396 et
405 2332 615 2400 Godoiridus
643 2334 687 2398 de
716 2333 845 2397 Sancto
877 2329 1089 2396 Audemaro.

153 2427 324 2504 Quicum
356 2439 450 2496 certe
481 2451 550 2494 non
583 2432 749 2496 haberent
775 2429 998 2504 domicilium,
1028 2445 1091 2490 rex

154 2526 373 2592 Baldewiuus
395 2530 433 2592 in
447 2531 578 2611 palatio
600 2549 676 2606 suo,
692 2529 786 2611 quod
809 2547 909 2594 secus
926 2526 1092 2607 templum

152 2624 291 2690 Domini
308 2627 352 2690 ad
374 2629 559 2694 australem
579 2628 729 2692 habebat
750 2628 903 2709 plagam,
925 2626 975 2690 eis
997 2623 1094 2688 habi·

153 2724 304 2788 taculum
325 2726 516 2805 concessit3
540 2727 698 2792 canonici
714 2746 797 2792 vcro
818 2724 937 2806 templi
954 2722 1094 2788 Domini

153 2821 326 2902 plataeam,
343 2844 448 2905 quom
465 2825 560 2888 circa
582 2825 784 2906 praedictum
802 2823 978 2888 habebant
998 2822 1095 2902 pula-

156 2921 251 2998 tium,
265 2922 311 2984 ad
323 2921 477 2986 officinas
492 2923 742 2989 construendos
753 2927 1012 2997 concesserunt;
1032 2937 1094 3002 ps-

158 3020 306 3084 triurcho
330 3040 469 3102 quoque
489 3029 525 3085 et
546 3041 621 3093 rex.
645 3042 721 3086 cum
746 3022 819 3085 suis
840 3019 1038 3102 proceribus
1060 3024 1096 3081 et

157 3118 232 3182 aliis
252 3119 476 3185 ecclesiarum
500 3121 667 3202 praelatis
686 3120 729 3182 de
751 3119 899 3202 propriis
917 3115 1096 3183 dominicis

157 3218 226 3280 suis
242 3237 307 3300 pro
327 3218 422 3281 victu
443 3225 478 3281 et
492 3219 621 3284 vestitu
639 3226 735 3283 certa
754 3219 803 3280 eis
829 3216 994 3282 beneficia
1015 3233 1097 3278 con·

156 3314 320 3379 tulerunt.
372 3315 490 3380 Prima
507 3337 626 3380 eorum
643 3317 811 3399 professio
829 3322 915 3391 erat,
930 3320 979 3389 ut,
993 3314 1029 3376 in
1043 3331 1097 3374 re·

157 3414 352 3479 missionem
366 3422 585 3496 peccatorum
601 3434 755 3492 suorum,
771 3415 847 3478 vias
863 3421 898 3477 et
912 3411 1037 3477 itinera
1052 3409 1097 3471 ad

157 3514 305 3578 salutem
331 3515 589 3594 peregrinorum
612 3520 735 3580 contra
760 3514 935 3576 latronum
956 3508 1099 3574 iusidias

157 3629 218 3691 pro
242 3611 375 3676 viribus
397 3620 661 3692 conservarent3
692 3612 843 3687 tandem,
869 3616 949 3692 post
975 3626 1100 3673 novem

157 3727 278 3788 annos,
299 3711 337 3772 in
361 3711 504 3775 concilio
527 3711 648 3775 Trecis
672 3711 845 3775 celebrato
864 3709 1025 3772 instituta
1047 3713 1100 3769 est

159 3809 207 3871 eis
229 3806 364 3890 regula,
384 3815 420 3872 et
438 3808 576 3873 habitus
594 3810 694 3873 albus
716 3829 738 3873 a
761 3828 854 3892 papa
873 3805 1031 3871 Honorio
1047 3823 1100 3866 as·

159 3906 327 3988 signatus,
345 3915 380 3972 et
393 3907 547 3976 decursis
562 3908 633 3971 fere
649 3928 773 3974 novem
790 3907 902 3983 annis»,
926 3905 986 3986 qui
1005 3902 1101 3985 prius

162 4024 282 4070 novem
298 4006 438 4070 suerunt
451 4006 704 4082 tantummodo,
720 4006 827 4087 coepit
846 4021 963 4068 eorum
983 4019 1102 4064 nume-

165 4122 220 4166 rus
243 4106 375 4186 augeri,
395 4112 430 4172 et
446 4107 687 4237 possessiones
707 4105 743 4167 in
759 4103 974 4166 immensum.
1001 4098 1104 4162 Post-

199 4277 290 4329 ¹ircuc
262 4281 437 4344 mdiesistoo]
453 4281 506 4330 'l'he
514 4285 623 4331 account
647 4282 748 4340 p.;819
765 4290 880 4337 compare
890 4273 1107 4333 πὶιιιὶιΜιιιιιι,

170 4347 623 4412 followingisdnmwilliamoi'l'yre,
649 4347 713 4398 Ord.
723 4347 841 4408 Equosn.
852 4345 925 4394 lib.i.
907 4343 985 4458 ιιι)
987 4347 1053 4459 ²etc.
