3138 5184
282 725 338 766 M).
348 725 405 764 110⁰.

281 1267 376 1306 william

282 1316 359 1356 Rufus.

445 532 510 605 160
700 548 835 598 aocnnr
859 549 907 596 nn
931 549 1136 604 wonnovna

444 707 514 772 duo
542 727 587 772 ex
617 710 796 774 monachis
822 707 899 794 ejus
928 710 974 772 ad
1002 711 1116 792 ipsum
1143 710 1335 786 venientes,
1362 718 1403 790 et

444 808 536 888 regis
557 816 704 873 mortem
725 810 938 886 nuntiantes,
961 808 1194 878 hortatisunt
1216 810 1401 886 attentiuS,

443 913 483 970 ut
500 906 593 973 illico
611 908 726 972 sedem
741 927 840 972 suam
854 916 1010 991 repetere
1027 908 1241 990 dignaretur.

708 1081 758 1143 Dc
774 1080 861 1144 altile
875 1080 955 1164 repis
976 1078 1137 1143 thtotmt.

281 1216 425 1257 caumont
496 1204 519 1268 J
521 1223 583 1268 ure
599 1211 714 1268 autem
731 1223 793 1267 rex
810 1204 847 1266 iu
864 1202 976 1268 medio
997 1204 1105 1266 totius
1124 1203 1307 1287 injustitiae
1321 1223 1398 1268 suae

444 1313 637 1386 praereptus
659 1303 832 1380 occubuit,
852 1302 911 1384 qui
931 1321 1039 1383 supra
1062 1302 1233 1366 bominem
1254 1311 1341 1382 erat,
1361 1311 1401 1367 et

444 1404 589 1469 consilio
614 1421 867 1485 perversorum,
892 1401 1055 1484 quicquid
1081 1402 1164 1464 mali
1188 1410 1337 1484 poterat,
1360 1404 1398 1466 id

444 1521 579 1584 semper
594 1502 740 1582 agebat3
764 1494 817 1564 ¹et
833 1501 906 1564 suis
920 1519 1082 1583 nequam,
1097 1501 1219 1564 alienis
1236 1501 1397 1585 nequior,

445 1601 510 1664 sibi
524 1600 766 1681 nequissimus,
778 1599 952 1682 subjectos
967 1618 1084 1662 omnes
1097 1600 1268 1664 continuis
1285 1601 1399 1682 geldis

444 1707 480 1766 et
494 1699 633 1780 talogiis
650 1700 811 1776 vexabat,
822 1699 954 1762 vicinos
969 1699 1087 1761 werris
1105 1705 1141 1761 et
1154 1700 1397 1763 exactionibus

442 1798 592 1867 assiduis
611 1800 833 1884 provocabat,
847 1817 909 1862 nec
923 1796 1092 1879 respirare
1103 1805 1242 1880 poterat
1252 1797 1397 1880 Anglia,

442 1898 509 1962 sub
538 1898 614 1980 ipso
642 1897 883 1961 miserabiliter
906 1896 1087 1960 suffocata.
1140 1896 1222 1980 Ipse
1246 1917 1397 1980 namque

442 1996 561 2079 etqui
587 1995 619 2059 ei
641 1996 899 2060 famulabantur
927 1995 1040 2059 omnia
1063 1997 1256 2078 rapiebant,
1276 1998 1397 2060 omnia

443 2097 668 2160 conterebant
689 2102 725 2159 et
752 2096 1010 2171 subvertebant,
1033 2095 1203 2159 adulteria
1227 2096 1399 2160 violenter

441 2201 478 2257 et
503 2195 643 2277 impune
670 2194 942 2271 committebant,
957 2193 1120 2275 quicquid
1135 2193 1266 2257 fraudis
1283 2202 1319 2258 et
1335 2215 1397 2258 ne-

443 2292 562 2376 quitiae
577 2301 681 2357 antea
695 2313 763 2356 non
780 2300 856 2356 erat
872 2292 925 2356 his
947 2294 1158 2380 temporibus
1182 2292 1389 2376 pullulavit;

441 2392 576 2456 invisus
597 2411 745 2473 namque
768 2411 832 2454 rex
851 2392 1081 2473 nequissimus
1102 2393 1178 2457 Deo
1199 2399 1235 2456 et
1253 2394 1398 2475 populo,

441 2489 499 2552 die
521 2509 590 2572 qua
614 2490 710 2565 obiit,
732 2490 768 2552 in
790 2489 929 2572 proprio
954 2492 1096 2554 tenebat
1120 2491 1397 2574 archiepiscopa-

444 2596 519 2652 tum
549 2587 845 2666 cantuariensem,
870 2589 1089 2672 episcopatus
1115 2590 1395 2655 wintoniensem

441 2694 479 2750 et
502 2687 799 2763 Saresbiriensem‚
820 2707 898 2751 curn
920 2688 1099 2752 duodecim
1123 2690 1283 2766 abbatiis,
1305 2709 1397 2773 quas

443 2793 505 2850 aut
518 2787 701 2864 vendebat,
717 2793 779 2850 aut
800 2787 844 2850 ad
868 2786 999 2849 firmam
1020 2788 1138 2865 dabat,
1154 2795 1216 2851 aut
1235 2790 1270 2851 in
1285 2808 1395 2854 mauu

443 2903 507 2947 sua
535 2886 698 2964 tenebat3
729 2905 792 2949 nec
812 2885 961 2949 luxuriae
986 2886 1099 2950 scelus
1126 2889 1311 2952 exercebat
1333 2909 1396 2953 oc·

442 2983 547 3061 culte,
577 2985 639 3048 sed
671 3004 716 3048 ex
747 2984 960 3066 impudentia
996 3005 1112 3049 coram
1149 2987 1233 3050 sole.
1297 2985 1394 3065 Quid

442 3081 569 3164 plural
642 3081 816 3165 Quicquid
846 3084 923 3147 Deo
956 3084 1138 3166 Deumque
1168 3084 1394 3165 diligentibus

441 3181 613 3263 placebat,
643 3181 708 3246 boc
738 3183 812 3264 regi
848 3202 1033 3265 regemque
1067 3183 1291 3264 diligentibus
1321 3185 1395 3248 dis-

341 3322 349 3337 .
440 3279 602 3361 plicabat.
654 3281 818 3364 Sepultus
835 3289 889 3344 est
913 3289 1028 3346 autem
1050 3282 1087 3344 in
1107 3282 1257 3345 crastino
1277 3285 1396 3364 perdi-

277 3815 403 3856 coronetlou

278 3867 302 3905 oi
308 3867 381 3916 fleury
390 3867 409 3906 1.

438 3379 545 3443 tionis
565 3400 638 3444 suae
661 3381 752 3462 apud
772 3381 1000 3458 Wintoniam,
1016 3373 1071 3443 ²in
1091 3381 1190 3464 cujus
1212 3383 1395 3464 sepultura

439 3477 625 3561 lachrymae
642 3480 755 3543 locum
770 3499 843 3562 prae
859 3480 987 3561 gaudio
1004 3500 1073 3544 non
1090 3480 1275 3558 habebant.

459 3667 509 3729 Do
523 3668 712 3730 cormeriaco
726 3668 805 3752 rapis
821 3669 957 3733 Heoro‘ci
965 3670 1071 3754 primi
1087 3669 1166 3754 reple
1178 3669 1363 3754 Aoqlorooa

490 3789 665 3853 Defuncto
682 3790 800 3871 itaque
815 3810 896 3871 rege
910 3790 1098 3867 Willelmo,
1115 3809 1192 3853 cum
1207 3800 1394 3872 magnates

441 3886 579 3968 Angliae
595 3889 806 3968 ignorarent,
825 3889 908 3970 quid
925 3896 1040 3952 actum
1057 3897 1150 3952 esset
1168 3890 1210 3952 de
1233 3890 1393 3957 Roberto

474 4110 533 4160 ¹Et
553 4111 633 4174 sum]
664 4110 842 4173 Huntingdon,
876 4126 902 4172 p.
927 4110 1007 4159 Flor.:
1024 4111 1076 4160 ‘ibi
1093 4110 1159 4159 iufra
1170 4112 1292 4160 ambitum
1305 4117 1396 4177 turris,

443 4185 499 4230 878.
926 4179 1060 4228 multorum
1089 4195 1221 4242 procerum
1255 4189 1396 4246 conventu,

474 4247 522 4296 'lo
534 4249 624 4311 cuim]
643 4248 691 4297 ‘In
707 4249 786 4297 veteri
803 4262 902 4297 monas·
925 4264 1064 4310 paucorum
1083 4250 1197 4310 planem,
1218 4254 1293 4300 terras
1312 4255 1396 4302 tradi-

438 4319 510 4380 torio,
528 4319 555 4366 iu
572 4318 681 4367 ecclesia
700 4319 781 4366 sancti
803 4319 875 4366 Petri
885 4313 900 4380 ς’
924 4323 977 4367 tum
988 4314 1003 4380 ς’
1021 4319 1140 4368 Malmsb.
1152 4334 1179 4380 p.
1189 4322 1246 4368 5⁰9.
