3104 5186
438 537 486 603 80'
687 553 821 603 nocnnr
848 555 896 602 nn
918 543 1140 605 wnuuovnn'

276 729 399 772 norom
438 711 582 776 throdus
606 731 721 776 comes
750 701 974 790 Perticeusis,
1001 696 1163 794 Rogerus
1185 712 1228 777 de
1253 712 1398 781 Barna·-

274 781 591 888 l2⁸a⁰ns„.v111a‚r0
608 812 793 876 Britannia
809 813 874 876 viri
899 813 1018 894 magni
1041 812 1246 894 Fergandus
1261 819 1297 876 et
1314 811 1388 876 co-

437 929 575 990 nanus;
609 911 672 976 hos
701 930 839 994 quoque
873 912 1105 994 sequebantur
1141 908 1260 992 Angli,
1292 909 1388 974 Nor-

374 1015 378 1020 ’
436 1010 566 1088 manni,
605 1009 849 1086 Flandrenses,
890 1009 1065 1088 Britoues,
1101 1008 1389 1092 Andagavenses,

438 1107 534 1172 Galli
556 1109 799 1186 occidentales,
828 1116 862 1173 et
888 1128 1007 1173 omnes
1036 1110 1242 1191 populorum
1272 1109 1386 1184 cunei,

438 1208 497 1290 qui
520 1209 565 1271 ab
581 1226 711 1272 oceano
726 1209 929 1273 Britannico
952 1227 1062 1290 usque
1087 1208 1131 1271 ad
1146 1204 1255 1290 Alpes
1279 1208 1389 1271 medi-

438 1313 598 1372 terraneo
622 1314 736 1373 tractu
760 1306 941 1389 degebant.
994 1307 1061 1371 Isti
1079 1325 1198 1371 omnes
1220 1307 1256 1370 in
1279 1312 1390 1388 nego·

438 1407 526 1470 tium
561 1407 674 1469 crucis
701 1406 846 1489 profecti
882 1407 918 1469 in
941 1403 1106 1488 Apuliam
1130 1412 1165 1469 et
1188 1403 1395 1492 Calabriam·

439 1505 532 1569 cirea
562 1504 684 1568 hiemis
718 1504 912 1586 ingruentis
947 1505 1060 1581 initia,
1088 1504 1219 1567 nivium
1251 1511 1286 1568 et
1314 1504 1392 1585 gla-

440 1604 568 1667 cierum
594 1604 766 1668 evitantes
792 1603 1021 1680 incommoda,
1047 1601 1300 1667 descenderunt
1320 1603 1400 1666 ibi--

440 1701 529 1780 dem,
554 1710 797 1786 exspectantes
821 1702 930 1767 donec
955 1722 1042 1766 aura
1057 1689 1190 1766 felicior
1205 1701 1387 1765 arrideret.

441 1801 544 1866 Circa
564 1802 655 1865 idem
678 1808 815 1885 tempus
837 1801 983 1865 lundata
1005 1807 1062 1864 'est
1083 1801 1229 1865 ecclesia
1250 1800 1397 1864 Nerui--

439 1900 564 1978 censis,
582 1901 667 1964 etin
683 1920 726 1966 ea
740 1920 804 1983 pro
820 1900 953 1964 clericis
971 1899 1128 1964 monachi
1145 1900 1330 1981 surrogati.

468 2075 519 2139 Do
533 2071 685 2142 deamo
699 2074 814 2140 Νίσαια
827 2073 965 2140 clumbe
978 2095 1000 2138 a
1017 2093 1106 2139 mace
1119 2072 1251 2159 aquatis
1256 2073 1363 2158 sacia

480 2197 585 2263 Anno
597 2197 739 2263 Domini
753 2185 898 2262 uxcvrrss
913 2197 987 2262 dux
1003 2196 1213 2261 Godesridus
1226 2215 1305 2260 cum
1318 2196 1392 2258 suis

444 2298 637 2379 legionibus
654 2291 746 2381 apud
762 2296 1112 2379 Constantinopolim,
1126 2296 1198 2359 dux
1215 2295 1392 2359 Boamun·

442 2396 508 2460 dus
525 2416 603 2461 cum
616 2397 690 2458 suis
706 2395 799 2478 apud
815 2396 934 2460 urbem
946 2395 1160 2472 castoream,
1171 2413 1286 2458 comes
1294 2392 1391 2456 Tho-

442 2496 584 2558 losanus
597 2487 688 2557 ¹cum
705 2495 778 2557 suis
793 2494 885 2577 apud
901 2493 1140 2576 Pelagoniam,
1152 2488 1304 2558 celebres
1320 2492 1400 2580 Do·-¹

443 2593 578 2656 minicae
597 2593 791 2657 nativitatis
805 2592 878 2657 dies
895 2594 1139 2674 transigentes
1155 2593 1405 2667 decreverunt,

444 2691 682 2775 unusquisque
695 2692 732 2754 in
744 2691 916 2769 locosuo,
924 2692 1053 2765 intuitu
1068 2691 1256 2773 religionis,
1270 2709 1393 2753 manus

445 2811 467 2855 a
497 2791 616 2874 praeda
640 2798 676 2855 et
702 2791 858 2882 qualibet
885 2791 1014 2874 injuria
1035 2790 1225 2874 cohibere·
1263 2777 1395 2853 Postea

444 2909 563 2954 omnes
584 2890 621 2953 in
641 2909 721 2954 vere
744 2890 914 2972 sequenti,
934 2890 1134 2971 compositis
1160 2887 1317 2976 sarcinis,
1332 2907 1395 2952 ne-

445 2988 569 3052 hiculis
592 2995 628 3052 et
652 2988 790 3053 clitellis
813 2989 880 3052 iter
906 2988 1160 3070 aggredientes,
1182 3006 1302 3052 versus
1330 2985 1397 3072 Ni-

446 3106 554 3152 caeam
576 3088 694 3152 urbem
720 3087 930 3169 pedetentim
956 3087 1140 3166 incedunt;
1172 3087 1233 3169 qui
1255 3084 1395 3150 tandem

447 3185 492 3250 ad
518 3185 769 3262 Nicomediam,
796 3204 875 3268 quae
901 3186 1075 3268 Bithyniae
1103 3185 1302 3266 metropolis
1330 3190 1397 3261 est,

446 3284 636 3361 venientes,
658 3285 852 3348 habuerunt
874 3285 1013 3348 obvium
1028 3283 1258 3350 venerabilem
1282 3301 1400 3346 sacer«

446 3383 562 3448 dotem
586 3382 729 3447 Petrum
751 3382 980 3463 Heremitam,
1002 3383 1063 3466 qui
1085 3402 1163 3448 cum
1185 3381 1316 3468 paucis,
1339 3381 1400 3463 qui

447 3484 513 3547 sibi
542 3482 797 3566 superfuerunt,
819 3483 972 3564 reliquis·
985 3483 1178 3564 legionibus
1201 3485 1402 3557 occurrens,

446 3601 565 3647 eorum
582 3582 731 3646 coetibus
756 3581 961 3664 conjunctus
981 3577 1046 3645 est.
1099 3579 1317 3662 Principibus
1341 3597 1402 3643 sa-

447 3681 581 3757 lutatis,
596 3681 656 3743 ubi
671 3681 715 3743 ab
730 3681 888 3743 omnibus
903 3678 1052 3761 benigne
1068 3684 1261 3760 susceptus,
1270 3677 1319 3765 'de
1338 3697 1401 3742 su-

448 3799 547 3843 orum
564 3779 749 3842 amissione
774 3778 960 3860 plurimum
983 3776 1213 3842 condolebant
1229 3782 1265 3839 et
1286 3776 1399 3841 multa

449 3878 480 3940 ei
498 3878 643 3942 donaria
664 3876 893 3941 contulerunt.
948 3875 1192 3959 Multiplicatis
1214 3875 1321 3957 igitur
1337 3895 1401 3962 *ar-

456 4133 458 4137 ·
485 4108 568 4159 'Cum
584 4109 657 4173 aab]
680 4108 734 4158 The
750 4106 917 4158 followersol
940 4121 1025 4168 mana,
1034 4121 1063 4156 or
1074 4107 1211 4155 Provincia
1219 4106 1406 4167 Narbonensis,

450 4177 584 4241 Raymond
600 4194 643 4228 are
659 4179 742 4226 called
756 4178 790 4238 by
806 4177 848 4224 the
862 4177 914 4225 his·
939 4176 1070 4238 including
1082 4174 1404 4238 nguedoc,nauphine,

449 4246 805 4307 todunsProvinciales,lrom
816 4246 859 4294 the
871 4246 913 4294 old
940 4245 990 4294 and
1002 4247 1140 4295 Provence.
1174 4246 1222 4294 See
1233 4243 1409 4293 Raimundde

449 4317 636 4365 denomination
657 4315 686 4364 01'
705 4315 841 4364 Provincia
864 4315 913 4363 Ro·
940 4314 1038 4377 Agiles,
1049 4331 1074 4376 p.
1087 4318 1144 4364 144.
