2932 5018
449 432 588 481 smnus
612 434 881 483 nrsronmaua.
1073 416 1138 482 115

184 606 250 671 per
273 587 351 652 baec
379 588 505 668 verba3
540 582 567 624 ¹‘
557 588 719 653 ‘Fideles
744 590 795 654 tui
819 590 1003 672 principes,
1028 589 1235 704 impe-au
1215 603 1271 644 tue

185 692 284 752 rator
309 688 560 770 potentissime,
589 707 680 764 cum,
712 697 816 771 capta
841 686 1040 765 Antiochia,
1062 708 1134 751 rem
1147 656 1295 745 tactum

187 804 265 851 esse
280 785 460 851 crederent
478 795 764 864 consummatam,
785 788 900 851 urbe
885 807 958 871 Jam
983 795 1135 868 recepta,

143 958 145 965 y
187 884 303 950 lactus
331 893 386 950 est
411 905 506 950 error
535 887 744 949 novissimus
768 886 866 969 pejor
891 888 1015 967 priore.
1061 885 1135 950 Vix

188 983 282 1048 enim
303 986 349 1048 ab
366 985 453 1048 urbe
470 992 574 1067 capta
589 984 663 1048 dies
682 984 802 1067 elapsa
817 985 943 1060 iuerat,
961 1004 1039 1048 cum
1056 1003 1136 1049 ecce

189 1081 450 1159 Gorbarannus,
471 1082 657 1147 Persarum
680 1084 838 1166 princeps
864 1084 1136 1165 potentissimus,

187 1200 270 1247 cum
291 1181 510 1246 orientalium
536 1182 646 1265 copiis
669 1182 826 1258 infinitis,
848 1202 993 1263 quarum
1019 1182 1136 1245 multi-

189 1279 277 1346 tudo
290 1300 426 1345 omnem
448 1299 627 1345 nnmerum
644 1280 811 1345 excedere
828 1282 975 1357 videtur,
992 1280 1135 1344 eandem

188 1380 310 1444 urbem
333 1380 512 1444 obsidione
533 1379 707 1456 vailavit3
741 1387 858 1443 noster
888 1388 1002 1443 autem
1026 1400 1137 1462 popu-

189 1478 247 1543 lns
261 1477 365 1556 fame,
387 1478 527 1560 frigore,
544 1485 646 1558 aestu,
667 1479 818 1541 caedibus
840 1486 875 1541 et
892 1479 990 1543 clade
1008 1479 1044 1540 in
1062 1487 1138 1542 tan-

190 1582 266 1641 tum
293 1579 497 1654 succumbit,
527 1585 567 1640 nt
595 1578 716 1640 necin
741 1578 882 1641 civitate
904 1585 1039 1641 tantum
1063 1597 1138 1641 esse

191 1674 330 1741 dicatur
355 1675 607 1757 alimentorum,
634 1695 702 1757 quo
724 1677 826 1737 unius
848 1677 915 1740 diei
940 1678 1139 1740 necessitati

192 1774 334 1839 valeant
348 1774 541 1838 subvenire.
572 1773 673 1837 Unde
690 1792 767 1850 nos,
781 1775 840 1856 qui
855 1774 910 1839 hic
928 1794 1059 1851 sumus,
1075 1775 1139 1837 viri

191 1872 326 1938 nobiles
346 1873 501 1939 videntes
520 1872 666 1937 fratrum
689 1874 829 1953 negotia
851 1875 1047 1956 prosperari
1071 1893 1139 1936 non

192 1991 309 2055 posse,
324 1991 385 2037 eos
399 1959 595 2037 monuimus
617 1973 756 2054 saepius,
771 1979 811 2034 ut
827 1973 893 2034 sibi
910 1971 1141 2046 consulerent,

193 2078 229 2137 et
250 2090 325 2135 rem
352 2071 598 2154 impossibilem
620 2070 816 2134 deserentes
844 2071 909 2133 sibi
937 2069 1140 2152 perfugam

195 2171 327 2252 absque
353 2169 570 2234 cunctamine
594 2170 827 2252 providerent,
860 2169 919 2232 sed
943 2187 1019 2231 cum
1043 2187 1103 2231 eos
1121 2187 1142 2230 a

195 2288 258 2334 suo
285 2288 356 2333 non
389 2287 570 2352 possemus
599 2288 763 2333 revocare
795 2268 986 2349 proposito,
1013 2275 1141 2331 nostrae

195 2368 392 2433 curavimus
419 2368 614 2450 prospicere
638 2369 765 2446 saluti3
794 2374 829 2430 et
850 2387 941 2431 nunc
963 2368 994 2430 si
1015 2366 1142 2449 placet,

196 2466 225 2531 si
240 2468 293 2531 ita
308 2467 378 2531 tuis
389 2466 593 2530 consiliariis
609 2465 695 2530 utile
707 2467 818 2530 visum
832 2465 947 2541 suerit,
959 2467 1142 2547 procedere

197 2564 339 2642 desiste,
360 2585 404 2629 ue
418 2572 501 2641 tuae,
523 2583 611 2648 quas
635 2572 747 2628 tecum
765 2565 886 2640 trahis,
904 2566 1142 2647 expeditiones

197 2666 339 2747 paribus
357 2663 518 2747 periculis
539 2664 776 2729 involvantur.
826 2663 944 2726 Testis
958 2673 1011 2728 est
1025 2683 1142 2727 eorum

198 2782 276 2847 quse
298 2762 472 2845 loquimur
487 2763 542 2827 vir
563 2761 715 2845 prudens
736 2762 896 2838 Tatinus,
914 2771 983 2825 tuae
1003 2763 1144 2826 celsitu·

199 2862 289 2927 dinis
310 2861 435 2938 tidelis,
459 2880 562 2943 quem
584 2862 762 2925 nobiscum
787 2861 958 2936 direxisti,
981 2863 1040 2944 qui
1064 2881 1144 2925 nos·

199 2967 330 3026 trorum
352 2978 565 3042 cognoscens
587 2959 770 3036 deiectum,
792 2962 837 3023 ab
858 2980 975 3023 eorum
1002 2981 1040 3023 se
1065 2961 1145 3024 sub-

199 3061 309 3125 traxit
330 3058 489 3140 collegio,
509 3067 549 3122 ut
575 3058 649 3123 haec
670 3067 741 3123 tua
763 3066 848 3123 nota
868 3059 998 3123 faceret
1019 3059 1144 3141 majes-

199 3158 288 3224 tati:
339 3156 408 3221 His
425 3158 565 3234 auditis,
580 3158 768 3239 imperator
780 3159 823 3222 de
839 3159 983 3222 consilio
993 3177 1145 3232 suorum,

200 3256 339 3323 retortis
360 3256 578 3333 umbonibus,
595 3256 637 3321 ad
654 3259 805 3339 propria,
823 3258 1017 3338 legionibus
1039 3257 1145 3319 licen-

200 3356 309 3433 tiatis,
328 3375 407 3419 cum
432 3354 618 3438 lachrymis
640 3358 819 3420 remeavit.
873 3356 1007 3419 Rumor
1030 3362 1145 3417 autem

201 3454 241 3521 de
269 3472 411 3519 recessu
434 3455 653 3538 imperatoris
675 3475 751 3519 cum
778 3453 1007 3519 Antiochenis
1033 3454 1147 3517 divul-

201 3562 304 3637 gatus
329 3553 465 3631 fuisset,
491 3572 570 3636 spes
588 3561 625 3617 et
646 3555 771 3618 latitia
792 3544 902 3617 crevit
923 3554 1083 3637 paganis,
1113 3561 1148 3617 et

201 3652 396 3736 desperatio
409 3650 626 3717 Christianis.
679 3646 766 3717 Erat
781 3653 870 3716 enim
885 3653 920 3717 in
935 3653 1065 3735 populo
1081 3653 1148 3716 Dei

202 3758 322 3817 tantus
336 3751 577 3817 alimentorum
591 3750 757 3828 defectus,
771 3758 871 3816 tanta
885 3751 986 3816 lamis
996 3751 1147 3827 afflictio,

204 3851 281 3916 talis
298 3858 371 3916 tam
387 3851 542 3914 exterius
560 3870 663 3934 quam
685 3851 829 3915 interius
856 3850 1005 3915 hostium
1022 3853 1150 3933 impor-

237 4068 664 4143 'FamaJmespeecnasmaae
692 4074 721 4123 of
740 4074 870 4135 chartres,
892 4089 950 4135 may
972 4075 1003 4122 be
1026 4073 1104 4122 louod
1127 4079 1153 4122 at

194 4140 284 4196 More
302 4145 347 4194 the
370 4157 486 4204 emperor
502 4145 535 4204 by
555 4143 666 4206 Stephon
693 4144 778 4205 length
795 4145 820 4192 in
834 4144 903 4192 will.
914 4144 975 4204 Tyr.
986 4158 1012 4204 p.
1025 4145 1082 4191 tle.

1012 4249 1019 4266 ι
1033 4240 1048 4266 0
