3104 5186
384 635 528 684 suenus
551 637 823 688 ursrcnrrnuu.
1014 627 1080 690 14⁷

144 869 297 948 uomodo
310 871 465 936 mutas
480 869 629 946 Soldcai,
646 871 873 956 AEyyptioram
881 867 1056 956 princepis,

442 992 464 1034 a
481 971 593 1034 mara
609 968 757 1034 meatur.

172 1092 270 1157 Urbe
286 1100 404 1157 autem
417 1101 541 1160 sancta
563 1101 719 1159 recenter
739 1093 853 1163 adhuc
875 1113 897 1158 a
919 1092 1076 1158 fidelibus
1089 1116 1144 1156 aa.
1156 1118 1212 1158 roo.

123 1192 323 1276 subjugata,
334 1187 524 1258 ¹Soldanus
533 1194 779 1280 AEgyptiornm
792 1201 829 1258 et
840 1193 1076 1258 Damasceno-
1087 1167 1240 1258 elima

123 1311 210 1368 rum,
233 1292 397 1374 prinecps
415 1292 508 1358 inter
529 1313 647 1357 omnes
671 1293 856 1362 orientales
878 1291 1078 1375 potentissi-
1088 1309 1193 1400 wc

123 1410 212 1467 mus,
227 1409 308 1454 cum
322 1391 500 1455 civitatem
516 1399 674 1457 sanctam
693 1392 914 1457 Hierusalem
929 1411 952 1455 a
966 1391 1076 1455 fideli·
1181 1386 1187 1398 '

124 1490 188 1552 hus
216 1497 357 1572 captam
383 1493 616 1572 cognovisset,
638 1499 764 1556 vocato
789 1492 834 1556 ad
856 1511 894 1555 se
921 1491 1076 1573 principe

126 1589 257 1652 militiae
283 1608 360 1653 suar
395 1589 582 1668 Elaidalio,
605 1592 782 1673 praecepit,
807 1599 847 1654 nt
875 1589 1076 1654 universum

125 1676 229 1752 robur
252 1689 404 1771 AEgypti
426 1696 462 1753 et
482 1708 602 1752 omnes
625 1691 760 1772 imperii
783 1691 839 1753 sui
863 1691 955 1755 vires
976 1688 1075 1752 colli·

126 1805 209 1866 gens
224 1789 264 1852 in
284 1787 422 1871 Syriam
444 1789 622 1866 ascendat,
648 1795 684 1853 et
708 1790 875 1872 populum
898 1789 1074 1852 temerari·

125 1905 182 1948 um
200 1885 244 1950 dc
263 1887 445 1970 superficie
464 1894 566 1951 terrae
585 1888 711 1974 deleat,
726 1895 766 1952 ut
783 1908 853 1952 non
868 1895 1076 1954 memoretur

129 2005 251 2050 nomen
273 1985 351 2069 ejus
373 1985 478 2050 ultra.
540 1986 628 2050 Erat
642 1986 780 2069 quidem
799 1986 992 2052 Elafdalius
1008 1987 1075 2050 iste

129 2085 268 2148 natione
290 2083 489 2162 Armenius,
512 2103 534 2148 a
548 2084 755 2150 Christianis
780 2085 983 2168 parentibus
1005 2085 1075 2148 ori·

127 2185 242 2263 ginem
268 2183 412 2260 habens,
438 2184 499 2248 sed
525 2205 598 2267 pree
621 2185 853 2249 immensitate
876 2184 1075 2248 divitiarum

126 2289 389 2364 apostataverat
413 2302 436 2347 a
459 2283 548 2362 fide3
577 2291 611 2348 et
635 2285 695 2365 qui
719 2285 872 2348 insonte
894 2303 1077 2364 regenero„

131 2383 230 2445 tionis
254 2382 439 2464 Emyreius
461 2382 651 2459 dicebatur,
673 2382 786 2447 fectus
802 2390 965 2466 apostata
979 2381 1075 2445 Elef-

128 2481 239 2544 dalins
257 2483 534 2564 nuncupabatur.
590 2480 790 2564 Assumptis
805 2483 912 2563 igitur
927 2481 983 2546 hie
1001 2499 1076 2544 oru-

130 2579 178 2642 ois
192 2580 354 2643 inimicus
373 2580 545 2644 universis
560 2580 691 2644 viribus
706 2581 864 2664 AEgypti‚
879 2579 1020 2646 Arabia
1040 2587 1076 2644 et

132 2677 308 2756 Damasci,
338 2680 436 2743 venit
466 2677 685 2757 Ascalonem,
714 2687 750 2743 et
778 2681 826 2744 ibi
857 2699 936 2743 cum
966 2680 1075 2762 copiis

129 2779 199 2841 suis
217 2778 390 2842 universis
404 2785 521 2841 castra
536 2778 677 2855 locavit,
694 2779 774 2842 inde
795 2778 1076 2861 Hierosolymam

131 2876 368 2956 proiecturus3
392 2863 573 2959 proposuit
595 2878 686 2940 enim
703 2885 743 2940 ut
759 2877 876 2942 fideles
891 2878 928 2939 in
946 2877 1075 2940 Hieru-

129 2975 234 3039 salem
262 2975 446 3053 obsideret,
475 2983 617 3058 etpost
645 2977 828 3041 victoriam
856 2975 1076 3040 Dominicunr

131 3073 283 3138 hruditus
296 3075 504 3156 dilapidaret
512 3075 744 3157 sepulchrum.
789 3075 889 3139 Tunc
906 3075 1078 3157 peregrini

133 3175 253 3248 crucis,
266 3175 328 3256 qui
342 3159 428 3236 nihil
445 3175 558 3237 minus
575 3176 745 3257 optabant
766 3194 870 3256 quam
891 3173 1077 3238 obsidionis

130 3291 303 3338 aerumnas
319 3273 432 3336 demto
446 3275 608 3355 experiri,
620 3281 856 3338 convenerunt
870 3272 915 3337 ad
931 3273 1078 3338 invicem

131 3371 242 3436 clerus
273 3378 309 3436 et
333 3373 482 3454 populus
504 3372 687 3436 universus
709 3381 744 3436 et
766 3391 863 3436 arma
883 3371 1078 3454 spiritualia
1187 3377 1189 3384 ’

134 3472 226 3550 prius
253 3465 451 3554 bajulantes
479 3472 524 3534 ad
554 3471 774 3554 sepulchrum
804 3472 945 3536 Domini
974 3469 1077 3534 corde

131 3571 281 3634 contrito
313 3577 350 3634 et
378 3589 458 3634 curn
487 3570 625 3634 fletibus
661 3571 835 3634 humiliter
866 3570 1012 3652 profecti
1042 3577 1079 3633 et

131 3675 270 3732 orantes
291 3669 330 3732 iu
351 3676 479 3756 terram
501 3669 679 3752 prostrati,
703 3689 725 3733 a
749 3670 901 3733 Domino
923 3669 1080 3750 postula·
1110 3718 1114 3726 .

133 3767 228 3844 bant,
255 3776 295 3831 ut
320 3769 485 3851 populum
509 3789 612 3833 suurn
645 3768 909 3833 misericorditer
939 3769 985 3830 ab
1015 3768 1079 3830 im·

132 3867 341 3930 minantibus
354 3868 517 3948 periculis
534 3869 715 3947 liberaret3
731 3868 866 3944 deinde,
882 3873 1021 3949 sumpta
1033 3885 1081 3929 ex

135 3963 201 4028 Dei
229 3973 331 4046 parte
355 3966 513 4044 audacia,
543 3969 588 4031 ab
615 3969 699 4030 urbe
727 3986 848 4031 versus
871 3964 1081 4033 Ascalonem

134 4064 334 4143 procedunt,
357 4065 521 4130 audacter
537 4066 693 4132 hostibus
715 4072 944 4130 occurrentes.
996 4064 1083 4127 Por-

135 4163 258 4228 tabant
269 4170 387 4227 autem
403 4183 519 4227 secum
542 4172 674 4247 partem
692 4167 778 4246 ligni
795 4166 987 4229 Dominicee
1003 4183 1082 4228 cm·

172 4351 330 4420 ¹Scldcaaa.]
348 4354 471 4421 Compare
489 4355 534 4410 the
547 4360 662 4410 contfflts
678 4355 707 4407 oi
721 4357 764 4406 the
781 4359 883 4418 proaem
899 4355 1005 4418 chapter
1020 4355 1084 4407 with

139 4423 206 4476 will.
217 4425 328 4486 ot'l'yre,
339 4439 365 4486 p.
378 4429 434 4474 768.
917 4507 931 4542 ι
948 4496 963 4542 2
