3144 5180
448 541 514 609 304
702 557 838 606 nonunt
862 557 909 605 nu
932 555 1140 606 wannovun

289 735 412 778 annue
450 720 509 784 bet
537 728 652 785 autem
683 719 867 803 prudentia
896 725 958 782 tua
990 717 1174 799 diligenter
1205 718 1401 796 advertere,

451 811 543 902 quod
560 820 746 902 plurimum
762 820 917 896 interest,
936 816 1074 900 quaudo
1092 835 1137 880 ex
1154 814 1404 881 deliberatione

452 926 487 983 et
500 919 641 1001 propria
648 919 840 995 voluntate,
852 925 887 982 et
901 917 1040 1000 quando
1054 916 1253 999 ignorantia
1269 917 1324 981 vel
1340 937 1404 980 ne·

453 1018 615 1082 cessitate
639 1019 758 1101 aliqua
779 1016 1061 1094 committuntur;
1085 1033 1177 1090 narn,
1199 1015 1290 1078 sicut
1312 1016 1405 1097 legi·

453 1123 522 1195 tur,
538 1117 658 1200 Usque
672 1118 759 1180 adeo
775 1116 1008 1181 voluntarium
1027 1121 1080 1178 est
1098 1119 1291 1196 peccatum,
1308 1115 1405 1197 quod

454 1217 521 1280 nisi
542 1216 589 1281 sit
607 1215 840 1282 voluntarium
858 1215 992 1278 nonsit
1014 1218 1207 1295 peccatum.
1234 1212 1271 1277 Si
1293 1214 1405 1294 igitur

455 1315 585 1399 aliquid
611 1316 735 1381 recolis
759 1322 794 1378 te
820 1313 1044 1390 commisisse,
1063 1311 1106 1375 de
1130 1331 1201 1394 quo
1224 1318 1259 1374 te
1276 1311 1405 1376 debeat

454 1415 596 1498 propria
621 1414 833 1478 conscientia
851 1413 1057 1488 remordere,
1080 1409 1243 1494 quicquid
1264 1411 1320 1489 sit,
1343 1431 1405 1475 sa-

455 1513 598 1590 cerdoti,
624 1515 684 1597 qui
715 1513 884 1577 discretus
907 1519 943 1576 et
969 1508 1135 1595 providus
1158 1508 1315 1586 habetur,
1338 1511 1404 1574 tibi

454 1612 666 1676 consulimus
681 1631 744 1694 per
756 1611 1000 1693 poenitentiam
1013 1609 1188 1687 confiteri;
1207 1629 1277 1691 quo
1294 1608 1404 1698 facto,

455 1711 637 1776 miserator
651 1718 686 1775 et
706 1702 901 1775 misericors
918 1708 1101 1785 Dominus,
1118 1709 1177 1790 qui
1199 1709 1306 1771 multo
1323 1709 1405 1790 plus

456 1805 501 1874 ad
531 1824 591 1874 cor
620 1810 761 1891 respicit
791 1827 895 1892 quam
922 1808 965 1873 ad
997 1816 1109 1883 actus,
1142 1807 1204 1870 tibi
1235 1817 1405 1871 consueta

456 1909 597 1991 pietatis
626 1928 699 1973 suae
727 1907 961 1974 misericordia
986 1906 1164 1985 dimittet;
1197 1913 1234 1969 et
1260 1926 1336 1982 nos,
1359 1906 1407 1970 de

457 2010 637 2073 beatorum
664 2004 761 2072 Petri
793 2016 829 2072 et
858 2007 961 2071 Pauli
993 2005 1230 2089 apostolorum
1259 2005 1408 2088 ejusque

458 2108 591 2172 meritis
613 2107 837 2184 confidentes,
859 2115 894 2171 te
913 2107 956 2170 ab
983 2125 1025 2170 eo
1051 2103 1145 2187 quod
1169 2111 1223 2167 est
1244 2106 1409 2168 commis-

458 2226 536 2270 sum
565 2208 790 2283 absolvimus,
817 2213 852 2269 et
880 2205 915 2268 id
945 2206 1060 2286 ipsum
1096 2203 1305 2267 fraternitati
1333 2211 1410 2268 tuae

459 2307 667 2371 auctoritate
683 2305 874 2388 apostolica
888 2304 1096 2380 relaxamus,
1106 2303 1324 2367 consulentes
1334 2303 1409 2368 uti-

459 2425 528 2488 que
550 2424 591 2470 ac
613 2405 831 2481 mandantes,
853 2409 892 2468 ut
915 2410 1036 2485 postea
1061 2421 1083 2468 a
1104 2402 1287 2466 missarum
1316 2403 1410 2466 cele-

459 2504 617 2568 bratione
634 2512 776 2587 propter
790 2503 856 2567 hoc
873 2521 941 2566 non
958 2502 1084 2566 debeas
1100 2495 1295 2566 abstinere’

515 2671 603 2756 Quod
615 2697 669 2740 rac
684 2677 826 2754 decrevit,
843 2687 910 2741 ato
926 2675 1018 2742 laicis
1033 2674 1139 2738 clerici
1149 2675 1353 2760 punirentur

296 2808 434 2906 griffi>
509 2793 655 2864 Eodem¹
675 2819 766 2864 anno
781 2819 844 2864 rex
863 2800 1038 2864 Henricus
1057 2798 1204 2862 volens
1194 2819 1230 2862 ιιι
1247 2797 1411 2880 singulis,

296 2958 349 2998 tlon

294 2907 433 2957 ratumne
459 2902 499 2961 ut
520 2898 667 2976 dicebat,
694 2899 864 2962 maleficia
888 2896 1005 2962 debita
1028 2916 1105 2962 cum
1134 2897 1319 2962 severitate
1343 2918 1412 3011 pu-

459 2991 546 3074 nire,
569 3005 604 3062 et
627 2997 877 3081 cujuscumque
899 2997 1028 3061 ordinis
1052 2997 1255 3078 dignitatem
1275 2996 1346 3060 ad'
1337 2997 1407 3061 rni-

460 3115 567 3178 quum
594 3097 685 3161 trahi
709 3097 938 3180 dispendium,
960 3095 1189 3177 incongruum
1212 3115 1288 3159 esse
1312 3115 1410 3160 asse·

460 3192 541 3268 ruit,
558 3194 702 3259 clericos
719 3215 741 3259 a
758 3197 830 3260 suis
844 3194 1048 3281 justiciariis
1064 3195 1100 3257 in
1117 3195 1256 3276 publico
1273 3194 1410 3278 flagitio

459 3292 691 3377 deprehensos
723 3295 886 3378 episcopo
919 3293 988 3358 loci
1024 3294 1160 3359 tradere
1193 3294 1408 3376 impunitos;

459 3392 613 3459 decrevit
641 3394 743 3472 enim,
765 3402 806 3459 ut
835 3412 922 3476 quos
950 3393 1103 3475 episcopi
1130 3393 1325 3458 invenirent
1346 3395 1410 3458 ob-

460 3491 596 3571 noxios,
612 3500 781 3575 praesente
800 3493 890 3574 regis
906 3492 1114 3575 justiciario,
1130 3499 1410 3570 exauctorarent,

459 3597 495 3654 et
523 3598 604 3673 post
628 3593 733 3656 curiae
764 3592 857 3674 regis
883 3589 1060 3656 traderent
1085 3591 1287 3672 puniendos.
1360 3590 1409 3656 In

460 3689 669 3754 contrarium
712 3691 883 3754 sentiebat
920 3689 1210 3773 archiepiscopus,
1241 3697 1281 3754 ut
1319 3709 1409 3771 quos

459 3796 687 3853 exauctorent
709 3789 862 3871 episcopi
881 3808 904 3852 a
926 3809 1031 3853 manu
1051 3788 1168 3853 laicali
1189 3789 1411 3871 postmodum

459 3905 529 3952 non
551 3889 767 3970 punirentur,
788 3887 870 3970 quia
896 3889 950 3952 bis
973 3887 1203 3971 inidipsum
1225 3887 1340 3970 puniri
1356 3890 1412 3956 vi·

459 3986 632 4053 derantur.
672 3986 766 4051 Huic
788 3987 1034 4052 controversiae
1065 3987 1229 4069 praestitit
1255 3988 1411 4054 occasio·

460 4105 538 4148 nem
556 4085 740 4169 Philippus
757 4079 818 4150 'de
839 4086 943 4164 Broc,
961 4087 1149 4153 canonicus
1172 4085 1406 4150 Bedesorden-

495 4260 602 4312 ¹Eodem
612 4260 697 4329 uam]
710 4264 772 4312 This
783 4264 887 4326 chapter
898 4264 921 4312 is
981 4261 1038 4313 ²De
1058 4258 1154 4332 Brea]
1178 4262 1188 4292 ‘
1196 4263 1228 4312 de
1244 4259 1340 4322 Brois3‘
1356 4264 1413 4314 sre-

458 4331 536 4451 giren
546 4334 668 4382 verbatim
679 4333 742 4382 from
760 4333 861 4395 Diceto,
872 4333 920 4383 col.
946 4334 1023 4452 ἔξω.
1041 4349 1068 4395 p.
1087 4337 1128 4394 32,
1142 4332 1193 4381 and
1213 4332 1364 4395 Quadrilog.
1382 4350 1410 4396 p.
