3138 5184
419 599 554 646 uuonns
578 597 848 646 msronmnuu.
1046 575 1112 643 153

163 755 196 818 in
224 775 284 818 ore
312 753 420 836 gladii
449 759 705 836 percusserunt,
736 753 855 815 urbem
883 753 1001 814 eorum
1030 751 1111 832 igne
1123 767 1248 866 idm

163 853 420 920 succendentes
1124 869 1277 914 menum

175 1027 176 1030 Ἴ
213 954 277 1018 Est
314 960 430 1016 autem
469 950 691 1014 Hierusalem
731 950 866 1015 Judaeae
899 949 1112 1032 metropolis,

165 1073 242 1136 quae
271 1053 380 1136 juxta
407 1057 543 1115 veteres
574 1050 737 1113 historias
767 1051 916 1133 primum
941 1049 1036 1112 dicta
1059 1057 1113 1114 est

166 1151 292 1228 Salem,
314 1171 336 1214 a
363 1151 443 1232 Sem
468 1150 540 1213 filio
567 1149 657 1232 Noe,
677 1148 918 1231 primogenito,
934 1149 1010 1230 ,qui
1037 1167 1114 1212 eam

166 1250 323 1314 fundavit
361 1257 396 1313 et
433 1249 469 1312 in
500 1268 542 1312 ea
574 1249 759 1330 regnavit3
805 1248 861 1311 hic
893 1246 1115 1330 postmodum

164 1350 277 1412 dictus
300 1355 354 1412 est
378 1348 645 1425 Melchisedech,
669 1349 730 1429 qui
752 1346 940 1411 revertenti
965 1345 1114 1411 Abrahae

167 1468 187 1512 a
203 1449 298 1512 caede
318 1455 470 1530 quatuor
484 1467 604 1528 regum
619 1441 762 1512 ¹obtulit
782 1466 906 1529 panem
924 1452 960 1510 et
975 1445 1115 1526 vinum;

168 1547 422 1611 Melchisedech
456 1554 572 1610 autem
603 1553 692 1610 ‘rex
717 1546 877 1630 justitiee'
908 1546 1116 1627 interpreta-

168 1655 234 1724 tur,
257 1667 363 1730 quem
394 1646 491 1710 Deus
514 1666 536 1708 a
557 1646 689 1710 diluvio
711 1646 914 1721 reservavit,
936 1653 976 1709 ut
998 1643 1117 1708 Chris-

167 1754 222 1810 tus
253 1747 398 1830 exejus
430 1746 558 1809 semine
581 1753 792 1810 nasceretur.
872 1745 958 1808 Erat
977 1744 1115 1827 quidem

168 1866 207 1910 eo
244 1853 402 1928 tempore
439 1845 509 1908 alia
547 1846 683 1922 civitas,
719 1845 826 1929 juxta
864 1843 1116 1926 Hieronymum

168 1945 282 2009 Salem
322 1944 511 2027 appellata,
546 1946 582 2006 in
615 1964 685 2028 qua
721 1944 816 2020 ⁴idem
864 1942 1117 2007 Melchisedech

168 2046 258 2110 sicut
280 2051 316 2108 et
343 2044 413 2108 alia
434 2045 604 2125 regnavit,
631 2044 730 2128 cujus
749 2044 859 2108 ruinae
885 2062 996 2126 usque
1016 2041 1118 2106 hodie

164 2144 271 2228 juxta
289 2144 423 2207 fluenta
436 2143 460 2206 J
462 2143 600 2207 ordanis
616 2150 824 2222 cernuntur3
848 2142 1022 2225 deinceps,
1039 2162 1120 2224 reg-

169 2251 274 2307 nante
306 2245 344 2306 in
379 2262 421 2306 ea
453 2243 476 2306 J
479 2241 630 2320 ehusaeo,
660 2243 754 2306 dicta
782 2243 905 2318 Jebus,
933 2249 968 2306 et
998 2242 1047 2305 sic
1073 2259 1126 2306 ex'

169 2343 193 2406 J
195 2343 281 2406 ebus
297 2350 334 2406 et
348 2342 462 2406 Salem
473 2342 567 2406 dicta
584 2349 636 2406 est
648 2341 671 2406 J
673 2341 883 2421 ebussalem3
903 2335 1013 2404 ²unde
1027 2347 1119 2424 post,

170 2443 311 2526 dempta
336 2442 359 2504 b
381 2442 498 2506 httera
517 2448 552 2506 et
569 2441 686 2505 addita
712 2462 742 2518 r,
766 2442 859 2506 dicta
879 2448 931 2511 est
949 2442 1119 2505 Hierusa-

170 2542 257 2620 lem;
292 2548 428 2623 postea,
451 2541 597 2622 expulso
621 2540 644 2605 J
647 2542 730 2604 ebus
753 2560 774 2604 a
794 2540 923 2619 David,
946 2541 1040 2606 dicta
1065 2546 1119 2604 est

170 2642 295 2704 civitas
319 2640 456 2720 David;
486 2640 619 2716 deinde,
642 2649 809 2722 regnante
831 2660 913 2704 vero
935 2640 1119 2704 Salomone

171 2739 240 2803 lilio
268 2739 358 2823 ejus,
372 2745 498 2802 vocata
516 2746 571 2803 est
589 2739 845 2822 Hierosolyma,
869 2741 969 2822 quasi
991 2739 1120 2803 Hieru-

171 2839 292 2902 salem·¹
313 2837 518 2901 Salomonis.
571 2838 677 2901 Hanc
705 2846 828 2922 postea
854 2839 1120 2921 quadragesimo

171 2937 326 3002 secundo
339 2956 430 3000 anno
444 2945 524 3019 post
540 2939 736 3019 passionem
752 2939 905 3015 Domini,
917 2940 940 3003 J
942 2939 1120 3003 udaeorum

173 3037 395 3118 exigentibus
436 3037 600 3119 pcccatis,
639 3037 741 3100 Titus
771 3037 980 3120 Vespasiani
1016 3039 1120 3114 filius,

174 3136 415 3208 Romanorum
437 3136 596 3218 princeps
609 3137 829 3218 magnificus,
846 3138 980 3202 ohsedit
1000 3145 1035 3202 et
1058 3159 1120 3202 ex-

175 3242 368 3318 pugnatam
386 3235 523 3319 dejecit,
538 3237 589 3299 ita
610 3243 661 3314 ut,
679 3236 786 3320 juxta
807 3238 949 3300 verbum
967 3237 1120 3315 Domini,

175 3349 246 3402 non
261 3342 456 3399 remaneret
469 3336 505 3396 in
519 3355 561 3398 ea
574 3336 664 3418 lapis
687 3355 791 3418 super
806 3336 964 3418 lapidem.
1018 3337 1122 3401 Illam

174 3454 258 3500 vero
291 3441 414 3516 postea
439 3435 552 3498 AElius
576 3434 764 3513 Adrianus,
797 3443 942 3518 quartus
972 3437 1015 3500 ab
1046 3437 1122 3518 ipso

175 3533 418 3600 Romanorum
429 3533 623 3617 Augustus
633 3537 821 3616 reparavit,
835 3537 923 3600 etde
937 3555 1001 3600 suo
1011 3536 1123 3599 Eliam

177 3633 415 3716 nuncupavit3
454 3642 489 3696 et
521 3654 599 3697 cum
631 3636 727 3718 prius
758 3636 794 3697 in
831 3636 922 3700 clivo
954 3637 1123 3719 praecipiti

177 3733 309 3795 montis
331 3739 423 3795 esset
445 3733 524 3808 sita,
544 3734 593 3796 ita
619 3741 658 3797 ut
682 3737 873 3816 partemin
897 3737 1063 3799 orientem
1089 3744 1126 3798 et

177 3832 215 3894 in
231 3837 390 3894 austrum
407 3838 482 3894 tota
496 3830 630 3894 devexa
647 3835 844 3915 respiceret,
866 3836 902 3898 in
923 3836 1032 3899 latere
1053 3842 1125 3898 tam
1166 3912 1173 3926 ι

179 3930 308 3994 montis
332 3930 416 3994 Sion
440 3948 544 4012 quam
569 3931 692 3995 Moriae
719 3935 845 3997 montis
870 3936 1071 4012 constituta,
1091 3942 1126 3998 et

178 4029 291 4092 solum
316 4030 480 4112 templum
517 4039 554 4093 et
587 4031 779 4108 castellum,
810 4033 866 4096 cui
894 4053 1018 4097 nomen
1051 4040 1128 4099 erat

180 4125 351 4207 Antonia,
369 4131 412 4194 in
436 4130 489 4193 sui
512 4129 657 4194 haberet
680 4131 834 4212 fastigio,
858 4132 1042 4196 abeodem
1065 4134 1129 4195 im-

187 4367 191 4374 ,
215 4307 224 4340 ¹
243 4307 370 4380 Obtulit]
399 4313 430 4360 In
444 4311 501 4363 MS.
517 4313 643 4364 ‘offerens
703 4313 793 4364 'Unde
803 4316 880 4379 post]
899 4317 1022 4378 Compare
1033 4316 1131 4366 Rober·

178 4380 222 4430 ei?
671 4391 713 4447 tus
724 4385 876 4449 Monachus,
885 4401 912 4448 p.
924 4392 966 4437 8⁰.
