3144 5180
434 557 574 608 anonas
597 557 868 607 masculanum.
1056 545 1122 610 ala

171 717 330 790 Hen'rico
359 727 493 807 peperit
521 719 640 800 filiam,
668 744 773 807 quam
803 721 942 790 uocauit
970 718 1119 790 ¹Johan-
1133 742 1255 783 auum

170 844 264 889 nam.
317 823 448 886 Eodem
469 842 560 886 anno
576 824 682 886 etiam
702 822 925 900 Godefridus,
937 825 1121 907 episcopus

171 923 215 986 de
247 929 370 986 sancto
386 920 521 1003 Asaph,
543 922 581 984 in
598 921 744 986 basilica
765 922 879 986 sancti
895 921 1025 986 Albani
1043 943 1122 1006 pro-

173 1021 375 1103 tomartyris
403 1019 598 1101 Anglorum
618 1022 663 1083 ad
687 1020 802 1103 majus
826 1021 936 1084 altare
962 1021 999 1084 in
1021 1041 1121 1086 coena

174 1119 317 1194 Domini
340 1117 489 1182 chrisma
511 1117 660 1183 confecit
677 1125 712 1182 et
729 1120 844 1183 oleum
863 1126 1034 1197 sanctum,
1052 1120 1119 1184 ful-
1188 1151 1192 1160 ·

160 1227 229 1280 ,tus
249 1218 459 1281 auctoritate
484 1216 743 1299 privilegiorum
767 1217 847 1294 loci,
872 1217 909 1281 in
935 1220 1120 1299 praesentia

171 1317 309 1379 abbatis
326 1315 482 1379 Rcberti.
533 1309 685 1378 'Eodem
696 1314 844 1397 denique
860 1334 952 1379 anno
968 1315 1004 1380 N
1005 1317 1120 1381 oradi-

174 1435 239 1477 nus
263 1414 418 1496 quidam,
433 1413 628 1477 Turcorum
654 1413 815 1495 princeps
846 1415 1118 1496 potentissimus,

173 1514 209 1576 in
236 1513 364 1576 finibus
382 1511 608 1576 Antiochenis
628 1510 776 1593 Hareng
795 1520 948 1576 castrum
967 1512 1118 1592 obsedit3

174 1632 244 1693 quo
268 1611 400 1687 audito,
416 1611 654 1687 Boamundus,
680 1609 1120 1694 Antiochenusprinceps,

173 1710 405 1787 Reimundus,
419 1727 534 1773 comes
545 1709 797 1792 Tripolitanus,
807 1709 1050 1787 Salamannus,
1064 1710 1121 1774 ci.

173 1809 263 1872 liciae
291 1807 432 1890 praesul,
459 1815 495 1872 et
515 1808 664 1885 Thoros,
681 1807 924 1872 Armeniorum
948 1808 1120 1892 princeps,

174 1907 389 1971 obsidionem
420 1907 554 1972 solvere
590 1895 768 1988 cupientes
801 1906 845 1970 ad
879 1906 992 1970 locum
1023 1926 1121 1970 acce·

174 2007 265 2070 dunt
282 2013 318 2069 et
336 2005 553 2069 Noradinum
577 2005 613 2067 in
635 2005 754 2086 fugam
776 2004 995 2102 propellunt,
1018 2024 1119 2086 quem

174 2123 253 2167 cum
286 2110 413 2167 temere
440 2103 628 2184 fugientem
660 2104 935 2184 insequerentur,
961 2123 1121 2170 reversus

174 2208 298 2266 contra
327 2209 464 2265 nostros
491 2202 606 2283 ipsum
633 2201 866 2283 insequentem
891 2209 927 2264 et
954 2202 1048 2266 sacta
1072 2203 1120 2265 ir·

174 2301 337 2382 ruptione
361 2299 397 2362 in
424 2301 532 2382 ipsos,
556 2299 689 2363 nobiles
715 2301 808 2383 cepit
837 2307 1056 2376 memoratae,
1085 2309 1120 2364 et

175 2418 234 2462 eos
249 2399 398 2464 vinculis
418 2399 623 2462 constrictos
639 2397 732 2480 apud
749 2397 939 2479 Halapiam
954 2399 1121 2462 custodiae

175 2497 411 2578 mancipavit3
438 2503 591 2561 castrum
612 2498 730 2573 etiam,
752 2497 843 2579 quod
862 2496 958 2577 prius
981 2496 1122 2560 obsede-

175 2603 242 2671 rat,
255 2595 463 2658 militaribus
479 2595 589 2676 copiis
607 2596 878 2675 circumcingens
896 2595 964 2660 levi
981 2596 1121 2676 negotio

173 2693 389 2776 subjugavit.
831 2711 835 2716 ·

238 2863 328 2944 Quod
341 2862 444 2929 beatos
461 2864 805 2944 Thomoaobeeroatores
819 2865 1069 2932 commenditum

437 2964 562 3048 Anyliae
577 2964 857 3030 eaccnuouoicooit.

227 3086 333 3150 Anno
347 3087 489 3151 Domini
508 3103 660 3150 ucnxvl.
684 3105 747 3151 rex
771 3086 946 3150 Henricus
964 3087 1001 3150 in
1024 3087 1123 3150 initio
1135 3103 1258 3193 33:3⁶⁶.

178 3184 466 3266 Quadragesimae
500 3186 536 3247 in
577 3183 828 3248 Normanniam
865 3185 1259 3262 transfretavit30100mmu.

1096 3283 1103 3298 .
1135 3253 1214 3292 niceae·
1223 3251 1250 3291 all

177 3277 292 3364 quod³
317 3284 460 3347 audiens
483 3281 649 3360 Thomas,
672 3282 932 3346 Cantuaricnsis
954 3281 1275 3363 archiep-omma

1089 3382 1096 3394 .
1135 3352 1171 3390 the
1179 3353 1279 3390 'consue-

176 3401 316 3464 scopus,
344 3382 387 3445 de
415 3380 623 3444 Pontiniaco
650 3381 746 3444 venit
768 3381 995 3457 Viceliacum,
1025 3389 1061 3444 et
1087 3401 1123 3443 m
1134 3400 1219 3467 tunna..

176 3481 231 3543 die
270 3479 464 3543 Dominicae
500 3478 725 3555 ascensionis,
755 3477 950 3542 videntibus
979 3449 1205 3555 cunctis,⁸'¹²³'

176 3579 237 3660 qui
253 3578 298 3640 ad
314 3579 403 3640 diem
427 3577 552 3641 festum
571 3584 815 3653 convenerant,
837 3583 873 3641 et
895 3578 1022 3658 populo
1040 3577 1125 3641 civi-

177 3677 274 3754 tatis,
307 3682 447 3758 repente
478 3676 514 3737 in
550 3674 724 3756 pulpitum
758 3673 948 3740 ascendens
982 3695 1125 3740 consue·

213 3899 405 3962 Ueientium]
423 3897 581 3947 Asterwards
597 3897 640 3947 the
666 3898 1127 3958 Tholouse,anddiedanuninFont·

170 3969 237 4018 ‘wife
248 3968 277 4018 of
290 3968 412 4029 william,
430 3968 494 4029 king
509 3966 538 4015 of
552 3967 640 4028 Sicily,
665 3968 761 4016 evraud
772 3969 854 4028 abbey
864 3969 890 4016 in
903 3970 977 4017 1195.

177 4045 203 4087 to
217 4037 300 4086 whom
317 4037 362 4085 she
375 4052 430 4086 was
446 4035 554 4084 married
572 4051 640 4096 upon
702 4033 813 4084 'Eodem
828 4035 927 4098 emique
942 4029 1027 4100 uam]
1046 4034 1122 4084 Com·

175 4108 218 4155 the
235 4107 294 4154 luth
310 4106 373 4154 Feb.
393 4109 466 4166 1176,
482 4103 533 4152 aud
549 4119 581 4152 on
598 4105 641 4153 the
665 4119 726 4165 pare
742 4105 784 4152 the
801 4109 907 4153 account
923 4104 957 4164 by
970 4103 1012 4152 the
1028 4103 1126 4152 archbi·

178 4191 245 4224 same
257 4175 308 4235 day
320 4175 436 4223 crowned
448 4187 530 4234 queen
547 4179 574 4222 at
589 4174 641 4222 Pa·
667 4173 729 4233 chop
741 4173 770 4222 of
777 4174 852 4233 Tyro,
863 4189 889 4234 p.
900 4177 959 4234 959,
969 4188 1018 4235 seq.

139 4251 148 4266 ⁸
178 4246 263 4294 lerino.
300 4244 350 4292 She
365 4243 516 4292 afterwards
532 4243 640 4292 married
701 4239 900 4298 wammam
908 4240 1126 4308 rhammwalph

179 4312 310 4373 Raymond
331 4313 363 4361 de
381 4313 407 4362 S.
425 4312 508 4374 Giles,
525 4317 600 4361 count
616 4311 646 4361 of
667 4311 812 4374 chiceto,
828 4311 944 4361 001519.
