3138 5184
416 569 560 618 rnouss
587 567 859 618 nismnrnuou.
1042 551 1108 618 tas

158 725 395 808 praesignavit,
425 724 508 788 licet
543 725 784 806 experimenta
813 724 885 788 ulia
914 743 984 789 uon
1010 725 1109 790 dees-
1119 743 1243 786 annia

157 831 245 887 sent.
299 823 395 886 Nam
419 821 622 899 Anselmus,
651 821 913 902 cantuariensis
936 823 1107 908 archiepi-

144 942 296 1004 ¹scopuS,
309 924 357 985 ob
373 921 468 986 illius
483 921 702 1004 tyrannidem
719 941 783 1004 per
802 923 987 986 triennium
1009 931 1107 988 trans

159 1041 250 1085 mare
269 1021 406 1103 pulsus,
424 1039 446 1083 a
466 1021 583 1085 Roma
598 1021 881 1086 Marccnniacum
898 1023 994 1087 venit
1015 1023 1108 1086 circa

159 1119 326 1183 kalendas
334 1119 502 1200 Augusti,
522 1127 562 1184 ut
580 1120 693 1184 sancti
712 1120 889 1201 Hugouis,
902 1121 1108 1185 Cluuiaceu·

157 1220 204 1281 sis
219 1219 373 1295 abbatis,
389 1220 563 1301 colloquio
579 1219 772 1298 frueretur;
795 1221 855 1283 ubi
870 1239 950 1284 cum
965 1219 1008 1283 de
1023 1239 1108 1300 rege

160 1317 337 1381 Willelmo
361 1319 533 1382 intereos
557 1337 670 1382 sermo
691 1319 888 1396 haberetur,
915 1319 1024 1382 abhas
1048 1319 1108 1382 ille

159 1417 366 1480 venerabilis
399 1417 659 1500 archiepiscopo
681 1417 894 1500 respondens
921 1419 987 1481 suh
1010 1418 1109 1481 testi·

161 1517 273 1580 monio
289 1515 412 1579 intulit
430 1517 599 1593 veritatis,
611 1525 621 1550 ⁴
634 1516 801 1581 Proxima
813 1524 916 1580 nocte
929 1517 1108 1598 praeterita

161 1615 230 1678 vidi
253 1633 375 1696 regem
399 1615 498 1677 illum
526 1623 609 1679 ante
629 1616 792 1679 thronum
821 1616 888 1679 Dei
919 1615 1108 1680 adductum

162 1722 197 1778 et
212 1721 430 1791 accusatum,
450 1722 487 1778 et
507 1733 530 1778 a
547 1714 646 1797 justo
666 1715 691 1778 J
693 1715 794 1778 udioe
815 1715 1047 1779 damnationis
1071 1715 1108 1778 in

161 1813 256 1876 illum
287 1812 498 1876 sententiam
526 1813 815 1896 promulgatam;'
844 1814 919 1890 sed,
936 1814 1109 1896 quomodo

162 1911 244 1975 illud
267 1913 386 1988 sciret,
404 1932 469 1975 nec
488 1913 562 1994 ipse
584 1921 668 1976 tuuc
689 1914 865 1994 exposuit,
889 1931 953 1976 neo
978 1913 1110 1977 arehie-

163 2011 338 2093 piscopus
356 2019 499 2093 propter
526 2012 621 2075 illius
652 2013 873 2076 eminentiam
900 2013 1109 2089 sanctitatis,

164 2129 224 2174 nec
242 2110 336 2172 alius
357 2110 571 2174 audientium
592 2111 738 2192 quilibet
760 2113 1000 2192 [percontatus
1026 2112 1109 2193 est].

166 2208 252 2272 Item
268 2211 429 2291 sequenti
454 2209 522 2287 die,
537 2229 617 2273 cum
635 2209 913 2292 archiepiscopus
932 2210 1013 2274 inde
1034 2231 1111 2292 pro-

164 2327 304 2388 gressus
332 2308 543 2390 Lugdunum
568 2309 732 2386 venisset,
759 2317 795 2373 et
826 2316 928 2373 nocte
953 2309 1111 2390 sequenti

165 2406 336 2484 monachi,
351 2408 412 2489 qui
427 2426 505 2471 cum
518 2406 686 2471 Auselmo
700 2415 811 2485 erant,
827 2409 1017 2472 matutinos
1035 2407 1112 2490 ipso

165 2513 337 2588 praesente
362 2506 617 2584 decantassent,
636 2525 717 2570 ecce
733 2507 873 2589 juvenis
894 2508 1112 2590 quidam,or·

164 2612 249 2668 natu
278 2623 426 2668 serenus
458 2624 499 2670 ac
527 2607 640 2682 vultu,
673 2605 797 2670 clerico
828 2607 965 2670 cuidam
1002 2607 1112 2689 ipsius

166 2704 428 2786 archiepiscopi,
454 2705 514 2787 qui
531 2724 640 2786 prope
662 2705 789 2770 ostium
808 2705 954 2768 thalami
969 2705 1006 2770 in
1022 2705 1113 2768 lecto

163 2803 316 2886 jacebat,
331 2810 368 2866 et
387 2803 534 2868 necdum
549 2805 723 2867 dormiens
744 2799 865 2869 oculos
882 2812 999 2868 tamen
1016 2804 1113 2867 clau·

167 2921 222 2966 sos
241 2903 398 2979 tenebat,
415 2901 562 2981 adstitit,
586 2910 622 2967 et
640 2922 769 2968 vocaus
789 2923 868 2968 eum
886 2905 1025 2968 nomine
1049 2922 1113 2966 suo

165 3001 269 3078 dixit,
284 3000 440 3080 ‘Adam,'
454 3003 600 3085 iuquit,‘
612 3004 739 3067 dennis
749 3005 778 3067 l’
804 3004 952 3066 cuicum
968 3003 1114 3067 clericus
1189 3063 1193 3072 ,

168 3101 948 3183 responderet‘Non,’ait‘Visaudirenoval’
971 3100 1114 3164 ‘Liben-

170 3200 443 3283 ter,'resp0ndit;
461 3200 576 3277 etille,
586 3201 675 3264 ‘Pro
688 3202 807 3277 certo,’
817 3201 941 3282 inquit,
954 3201 1114 3263 ‘noveris

168 3301 260 3382 quod
289 3307 402 3364 totum
433 3298 613 3364 dissidium
642 3299 733 3362 inter
755 3300 1052 3382 archiepiscopum
1077 3306 1116 3362 et
1201 3333 1208 3348 ·

170 3417 286 3478 regem
304 3398 517 3461 Willelmum
542 3406 702 3465 exortum
725 3398 800 3482 jam
823 3398 961 3480 penitus
982 3405 1036 3461 est
1058 3416 1114 3460 so·

171 3496 314 3576 pitum3'
348 3496 392 3559 ad
424 3496 490 3560 hoc
522 3497 666 3562 clericus
699 3498 848 3561 alacrior
871 3496 984 3560 iactus
1010 3503 1116 3578 caput

171 3595 294 3670 erexit,
317 3595 378 3657 sed
397 3596 506 3659 oculis
523 3596 654 3678 apertis
675 3597 845 3660 neminem
861 3595 959 3660 vidit.
1012 3595 1115 3672 Item,

173 3712 249 3756 cum
270 3700 373 3758 nocte
397 3695 554 3776 proxime
575 3702 741 3776 sequente
759 3715 849 3758 unus
875 3712 920 3758 ex
939 3693 1116 3758 monachis

172 3792 327 3874 ejusdem
366 3793 616 3876 archiepiscopi
651 3794 695 3856 ad
723 3795 912 3858 matutinos
941 3800 1051 3857 staret
1081 3799 1118 3857 et

174 3898 341 3968 cantuset,
363 3911 445 3956 ecca
472 3892 612 3975 quidam
637 3893 689 3956 illi
714 3892 907 3956 chartulam
932 3891 1116 3955 admodum

174 4010 318 4074 parvam
333 3990 545 4056 exhihuitad
560 3992 756 4073 legendnm,
768 4010 874 4073 quam
888 3991 1028 4054 intuens
1043 4010 1117 4054 mo·

173 4089 303 4154 nachus
318 4090 434 4155 ‘Obiit
450 4111 514 4155 rex
531 4090 750 4168 Willelmus,'
763 4091 801 4152 in
825 4109 867 4153 ea
882 4091 1047 4172 scriptum
1066 4090 1119 4152 in-

175 4190 284 4269 venit3
302 4192 361 4271 qui
375 4191 553 4255 confestim
563 4191 682 4255 oculos
698 4190 854 4272 aperiens
866 4196 993 4271 praeter
1006 4188 1119 4252 socios

175 4287 304 4350 nullum
321 4290 426 4380 uidit.
479 4289 556 4356 Nec
580 4291 691 4355 multo
714 4295 795 4372 post
821 4288 940 4370 elapso
962 4287 1120 4362 termino,
