<?xml version="1.0" encoding="UTF-8"?>
<!DOCTYPE html PUBLIC "-//W3C//DTD XHTML 1.0 Transitional//EN"
    "http://www.w3.org/TR/xhtml1/DTD/xhtml1-transitional.dtd">
<html xmlns="http://www.w3.org/1999/xhtml" xml:lang="en" lang="en">
 <head>
  <title>
</title>
<meta http-equiv="Content-Type" content="text/html;charset=utf-8" />
  <meta name='ocr-system' content='tesseract 3.04.00' />
  <meta name='ocr-capabilities' content='ocr_page ocr_carea ocr_par ocr_line ocrx_word'/>
</head>
<body>
  <div class='ocr_page' id='page_1' title='image "./rogeridewendove07rogegoog_0040.png"; bbox 0 0 3190 5202; ppageno 0'>
   <div class='ocr_carea' id='block_1_1' title="bbox 464 557 1147 622">
    <p class='ocr_par' dir='ltr' id='par_1_1' title="bbox 464 557 1147 622">
     <span class='ocr_line' id='line_1_1' title="bbox 464 557 1147 622; baseline 0 -2"><span class='ocrx_word' id='word_1_1' title='bbox 464 574 603 622; x_wconf 84' lang='lat' dir='ltr'>ruonns</span> <span class='ocrx_word' id='word_1_2' title='bbox 626 574 895 622; x_wconf 74' lang='lat' dir='ltr'>rnsroarunuru.</span> <span class='ocrx_word' id='word_1_3' title='bbox 1103 557 1147 620; x_wconf 78' lang='lat'>29</span> 
     </span>
    </p>
   </div>
   <div class='ocr_carea' id='block_1_2' title="bbox 196 726 1295 3858">
    <p class='ocr_par' dir='ltr' id='par_1_2' title="bbox 196 726 1295 3858">
     <span class='ocr_line' id='line_1_2' title="bbox 199 726 1295 809; baseline 0.001 -18"><span class='ocrx_word' id='word_1_4' title='bbox 199 745 275 791; x_wconf 90' lang='lat' dir='ltr'>sese</span> <span class='ocrx_word' id='word_1_5' title='bbox 299 726 543 809; x_wconf 88' lang='lat' dir='ltr'>purificaturus</span> <span class='ocrx_word' id='word_1_6' title='bbox 571 730 615 792; x_wconf 90' lang='lat' dir='ltr'>ad</span> <span class='ocrx_word' id='word_1_7' title='bbox 642 730 823 793; x_wconf 88' lang='lat' dir='ltr'>ecclesiam</span> <span class='ocrx_word' id='word_1_8' title='bbox 849 730 984 806; x_wconf 88' lang='lat' dir='ltr'>exierit,</span> <span class='ocrx_word' id='word_1_9' title='bbox 1010 736 1147 794; x_wconf 91' lang='lat' dir='ltr'>centum</span> <span class='ocrx_word' id='word_1_10' title='bbox 1160 739 1295 783; x_wconf 56' lang='lat' dir='ltr'>abach·</span> 
     </span>
     <span class='ocr_line' id='line_1_3' title="bbox 198 824 1148 892; baseline 0.004 -4"><span class='ocrx_word' id='word_1_11' title='bbox 198 826 307 889; x_wconf 85' lang='lat' dir='ltr'>millia</span> <span class='ocrx_word' id='word_1_12' title='bbox 328 824 489 889; x_wconf 87' lang='lat' dir='ltr'>candelas</span> <span class='ocrx_word' id='word_1_13' title='bbox 511 847 589 891; x_wconf 91' lang='lat' dir='ltr'>cum</span> <span class='ocrx_word' id='word_1_14' title='bbox 610 847 651 890; x_wconf 92' lang='lat' dir='ltr'>eo</span> <span class='ocrx_word' id='word_1_15' title='bbox 667 829 803 891; x_wconf 89' lang='lat' dir='ltr'>veniam</span> <span class='ocrx_word' id='word_1_16' title='bbox 824 827 1028 892; x_wconf 87' lang='lat' dir='ltr'>oblaturus.’</span> <span class='ocrx_word' id='word_1_17' title='bbox 1079 828 1148 892; x_wconf 88' lang='lat' dir='ltr'>His</span> 
     </span>
     <span class='ocr_line' id='line_1_4' title="bbox 196 923 1148 1005; baseline 0.003 -18"><span class='ocrx_word' id='word_1_18' title='bbox 196 925 304 1005; x_wconf 85' lang='lat' dir='ltr'>igitur</span> <span class='ocrx_word' id='word_1_19' title='bbox 334 931 370 987; x_wconf 89' lang='lat' dir='ltr'>et</span> <span class='ocrx_word' id='word_1_20' title='bbox 396 923 449 987; x_wconf 90' lang='lat' dir='ltr'>bis</span> <span class='ocrx_word' id='word_1_21' title='bbox 474 925 643 990; x_wconf 87' lang='lat' dir='ltr'><strong>similibus</strong></span> <span class='ocrx_word' id='word_1_22' title='bbox 669 947 731 989; x_wconf 83' lang='lat' dir='ltr'>rex</span> <span class='ocrx_word' id='word_1_23' title='bbox 753 926 979 1005; x_wconf 88' lang='lat' dir='ltr'>conviciatus,</span> <span class='ocrx_word' id='word_1_24' title='bbox 1004 926 1148 991; x_wconf 86' lang='lat' dir='ltr'>adveni·</span> 
     </span>
     <span class='ocr_line' id='line_1_5' title="bbox 197 1022 1149 1107; baseline 0.005 -22"><span class='ocrx_word' id='word_1_25' title='bbox 197 1029 277 1086; x_wconf 90' lang='lat' dir='ltr'>ente</span> <span class='ocrx_word' id='word_1_26' title='bbox 304 1040 421 1085; x_wconf 89' lang='lat' dir='ltr'>mense</span> <span class='ocrx_word' id='word_1_27' title='bbox 442 1022 617 1105; x_wconf 87' lang='lat' dir='ltr'>Augusto,</span> <span class='ocrx_word' id='word_1_28' title='bbox 647 1025 785 1106; x_wconf 89' lang='lat' dir='ltr'>quando</span> <span class='ocrx_word' id='word_1_29' title='bbox 813 1033 948 1107; x_wconf 81' lang='lat' dir='ltr'>segetes</span> <span class='ocrx_word' id='word_1_30' title='bbox 975 1027 1011 1088; x_wconf 93' lang='lat' dir='ltr'>in</span> <span class='ocrx_word' id='word_1_31' title='bbox 1043 1027 1149 1106; x_wconf 81' lang='lat' dir='ltr'>agris„</span> 
     </span>
     <span class='ocr_line' id='line_1_6' title="bbox 197 1122 1149 1206; baseline 0.005 -22"><span class='ocrx_word' id='word_1_32' title='bbox 197 1122 288 1185; x_wconf 91' lang='lat' dir='ltr'>botri</span> <span class='ocrx_word' id='word_1_33' title='bbox 313 1122 350 1184; x_wconf 93' lang='lat' dir='ltr'>in</span> <span class='ocrx_word' id='word_1_34' title='bbox 366 1122 487 1198; x_wconf 78' lang='lat' dir='ltr'>vineiS,</span> <span class='ocrx_word' id='word_1_35' title='bbox 506 1129 541 1184; x_wconf 93' lang='lat' dir='ltr'>et</span> <span class='ocrx_word' id='word_1_36' title='bbox 566 1142 669 1204; x_wconf 92' lang='lat' dir='ltr'>poma</span> <span class='ocrx_word' id='word_1_37' title='bbox 691 1124 725 1186; x_wconf 94' lang='lat' dir='ltr'>in</span> <span class='ocrx_word' id='word_1_38' title='bbox 744 1124 916 1187; x_wconf 89' lang='lat' dir='ltr'>viridariis</span> <span class='ocrx_word' id='word_1_39' title='bbox 938 1125 1072 1206; x_wconf 88' lang='lat' dir='ltr'>copiam</span> <span class='ocrx_word' id='word_1_40' title='bbox 1094 1126 1149 1190; x_wconf 89' lang='lat' dir='ltr'>sui</span> 
     </span>
     <span class='ocr_line' id='line_1_7' title="bbox 198 1219 1249 1310; baseline 0.004 -28"><span class='ocrx_word' id='word_1_41' title='bbox 198 1219 396 1296; x_wconf 89' lang='lat' dir='ltr'>ostendunt,</span> <span class='ocrx_word' id='word_1_42' title='bbox 411 1228 531 1284; x_wconf 88' lang='lat' dir='ltr'>coacto</span> <span class='ocrx_word' id='word_1_43' title='bbox 548 1223 703 1286; x_wconf 86' lang='lat' dir='ltr'>exercitu</span> <span class='ocrx_word' id='word_1_44' title='bbox 722 1223 874 1305; x_wconf 89' lang='lat' dir='ltr'>copioso,</span> <span class='ocrx_word' id='word_1_45' title='bbox 892 1224 1075 1286; x_wconf 88' lang='lat' dir='ltr'>Franciam</span> <span class='ocrx_word' id='word_1_46' title='bbox 1098 1224 1148 1286; x_wconf 93' lang='lat' dir='ltr'>in·</span> <span class='ocrx_word' id='word_1_47' title='bbox 1248 1305 1249 1310; x_wconf 5' lang='grc' dir='ltr'>ἵ</span> 
     </span>
     <span class='ocr_line' id='line_1_8' title="bbox 198 1317 1149 1404; baseline 0.005 -24"><span class='ocrx_word' id='word_1_48' title='bbox 198 1317 307 1380; x_wconf 81' lang='lat' dir='ltr'>festus</span> <span class='ocrx_word' id='word_1_49' title='bbox 331 1318 535 1400; x_wconf 88' lang='lat' dir='ltr'>aggrediens</span> <span class='ocrx_word' id='word_1_50' title='bbox 564 1321 680 1384; x_wconf 89' lang='lat' dir='ltr'>omnia</span> <span class='ocrx_word' id='word_1_51' title='bbox 708 1323 868 1398; x_wconf 89' lang='lat' dir='ltr'>conterit,</span> <span class='ocrx_word' id='word_1_52' title='bbox 896 1323 1011 1387; x_wconf 88' lang='lat' dir='ltr'>omnia</span> <span class='ocrx_word' id='word_1_53' title='bbox 1037 1341 1149 1404; x_wconf 91' lang='lat' dir='ltr'>popu·</span> 
     </span>
     <span class='ocr_line' id='line_1_9' title="bbox 197 1415 1150 1501; baseline 0.007 -24"><span class='ocrx_word' id='word_1_54' title='bbox 197 1415 317 1494; x_wconf 81' lang='lat' dir='ltr'>latur3</span> <span class='ocrx_word' id='word_1_55' title='bbox 351 1417 437 1480; x_wconf 93' lang='lat' dir='ltr'>nihil</span> <span class='ocrx_word' id='word_1_56' title='bbox 464 1424 538 1481; x_wconf 89' lang='lat' dir='ltr'>erat</span> <span class='ocrx_word' id='word_1_57' title='bbox 563 1419 658 1500; x_wconf 91' lang='lat' dir='ltr'>quod</span> <span class='ocrx_word' id='word_1_58' title='bbox 689 1421 841 1483; x_wconf 88' lang='lat' dir='ltr'>animum</span> <span class='ocrx_word' id='word_1_59' title='bbox 869 1420 1030 1484; x_wconf 91' lang='lat' dir='ltr'>commoti</span> <span class='ocrx_word' id='word_1_60' title='bbox 1057 1422 1150 1501; x_wconf 87' lang='lat' dir='ltr'>regis</span> 
     </span>
     <span class='ocr_line' id='line_1_10' title="bbox 198 1515 1148 1601; baseline 0.006 -25"><span class='ocrx_word' id='word_1_61' title='bbox 198 1515 366 1595; x_wconf 88' lang='lat' dir='ltr'>placaret,</span> <span class='ocrx_word' id='word_1_62' title='bbox 406 1523 446 1578; x_wconf 93' lang='lat' dir='ltr'>ut</span> <span class='ocrx_word' id='word_1_63' title='bbox 483 1515 646 1597; x_wconf 88' lang='lat' dir='ltr'>injuriam</span> <span class='ocrx_word' id='word_1_64' title='bbox 681 1518 927 1581; x_wconf 89' lang='lat' dir='ltr'>contumeliose</span> <span class='ocrx_word' id='word_1_65' title='bbox 969 1526 1148 1601; x_wconf 81' lang='lat' dir='ltr'>acceptam</span> 
     </span>
     <span class='ocr_line' id='line_1_11' title="bbox 197 1610 1148 1695; baseline 0.006 -21"><span class='ocrx_word' id='word_1_66' title='bbox 197 1613 383 1676; x_wconf 92' lang='lat' dir='ltr'>multorum</span> <span class='ocrx_word' id='word_1_67' title='bbox 405 1611 584 1694; x_wconf 91' lang='lat' dir='ltr'>dispendio</span> <span class='ocrx_word' id='word_1_68' title='bbox 600 1614 787 1695; x_wconf 85' lang='lat' dir='ltr'>mitigaret.</span> <span class='ocrx_word' id='word_1_69' title='bbox 840 1616 1022 1680; x_wconf 90' lang='lat' dir='ltr'>Postremo</span> <span class='ocrx_word' id='word_1_70' title='bbox 1038 1610 1148 1680; x_wconf 72' lang='lat' dir='ltr'>‘Moe-</span> 
     </span>
     <span class='ocr_line' id='line_1_12' title="bbox 198 1709 1148 1794; baseline 0.005 -21"><span class='ocrx_word' id='word_1_71' title='bbox 198 1715 318 1774; x_wconf 84' lang='lat' dir='ltr'>autum</span> <span class='ocrx_word' id='word_1_72' title='bbox 351 1709 527 1774; x_wconf 83' lang='lat' dir='ltr'>civitatem</span> <span class='ocrx_word' id='word_1_73' title='bbox 558 1710 695 1794; x_wconf 90' lang='lat' dir='ltr'>injectis</span> <span class='ocrx_word' id='word_1_74' title='bbox 726 1713 865 1794; x_wconf 83' lang='lat' dir='ltr'><strong>ignibus</strong></span> <span class='ocrx_word' id='word_1_75' title='bbox 903 1716 1148 1791; x_wconf 82' lang='lat' dir='ltr'>concremavit,</span> 
     </span>
     <span class='ocr_line' id='line_1_13' title="bbox 198 1809 1148 1878; baseline 0.006 -7"><span class='ocrx_word' id='word_1_76' title='bbox 198 1827 364 1873; x_wconf 88' lang='lat' dir='ltr'>succensa</span> <span class='ocrx_word' id='word_1_77' title='bbox 379 1809 451 1872; x_wconf 94' lang='lat' dir='ltr'>illic</span> <span class='ocrx_word' id='word_1_78' title='bbox 466 1816 597 1872; x_wconf 85' lang='lat' dir='ltr'>sanctae</span> <span class='ocrx_word' id='word_1_79' title='bbox 616 1809 738 1873; x_wconf 86' lang='lat' dir='ltr'>Mariae</span> <span class='ocrx_word' id='word_1_80' title='bbox 755 1812 901 1875; x_wconf 88' lang='lat' dir='ltr'>eeclesia</span> <span class='ocrx_word' id='word_1_81' title='bbox 916 1817 999 1874; x_wconf 87' lang='lat' dir='ltr'>&#39;cum</span> <span class='ocrx_word' id='word_1_82' title='bbox 1015 1812 1148 1878; x_wconf 90' lang='lat' dir='ltr'>duabus</span> 
     </span>
     <span class='ocr_line' id='line_1_14' title="bbox 198 1907 1149 1991; baseline 0.006 -23"><span class='ocrx_word' id='word_1_83' title='bbox 198 1907 353 1982; x_wconf 72' lang='lat' dir='ltr'>reclusis</span> <span class='ocrx_word' id='word_1_84' title='bbox 363 1927 441 1988; x_wconf 89' lang='lat' dir='ltr'>quae</span> <span class='ocrx_word' id='word_1_85' title='bbox 456 1926 519 1970; x_wconf 94' lang='lat' dir='ltr'>nec</span> <span class='ocrx_word' id='word_1_86' title='bbox 535 1908 572 1969; x_wconf 96' lang='lat' dir='ltr'>in</span> <span class='ocrx_word' id='word_1_87' title='bbox 587 1908 649 1970; x_wconf 89' lang='lat' dir='ltr'>tali</span> <span class='ocrx_word' id='word_1_88' title='bbox 667 1911 871 1973; x_wconf 88' lang='lat' dir='ltr'>necessitate</span> <span class='ocrx_word' id='word_1_89' title='bbox 885 1917 1053 1991; x_wconf 89' lang='lat' dir='ltr'>putarunt</span> <span class='ocrx_word' id='word_1_90' title='bbox 1067 1930 1149 1974; x_wconf 89' lang='lat' dir='ltr'>suas</span> 
     </span>
     <span class='ocr_line' id='line_1_15' title="bbox 198 2004 1149 2088; baseline 0.003 -20"><span class='ocrx_word' id='word_1_91' title='bbox 198 2005 271 2068; x_wconf 84' lang='lat' dir='ltr'>fore</span> <span class='ocrx_word' id='word_1_92' title='bbox 296 2005 459 2068; x_wconf 84' lang='lat' dir='ltr'>aediculas</span> <span class='ocrx_word' id='word_1_93' title='bbox 484 2004 709 2084; x_wconf 82' lang='lat' dir='ltr'>deserendas3</span> <span class='ocrx_word' id='word_1_94' title='bbox 733 2027 803 2088; x_wconf 92' lang='lat' dir='ltr'>quo</span> <span class='ocrx_word' id='word_1_95' title='bbox 826 2015 907 2070; x_wconf 86' lang='lat' dir='ltr'>actu</span> <span class='ocrx_word' id='word_1_96' title='bbox 934 2008 1149 2072; x_wconf 88' lang='lat' dir='ltr'>exhilaratus</span> 
     </span>
     <span class='ocr_line' id='line_1_16' title="bbox 198 2103 1148 2187; baseline 0.004 -21"><span class='ocrx_word' id='word_1_97' title='bbox 198 2124 273 2180; x_wconf 88' lang='lat' dir='ltr'>rex,</span> <span class='ocrx_word' id='word_1_98' title='bbox 299 2103 380 2166; x_wconf 91' lang='lat' dir='ltr'>dum</span> <span class='ocrx_word' id='word_1_99' title='bbox 409 2123 491 2166; x_wconf 89' lang='lat' dir='ltr'>suos</span> <span class='ocrx_word' id='word_1_100' title='bbox 514 2105 638 2167; x_wconf 88' lang='lat' dir='ltr'>incitat</span> <span class='ocrx_word' id='word_1_101' title='bbox 666 2112 706 2167; x_wconf 91' lang='lat' dir='ltr'>ut</span> <span class='ocrx_word' id='word_1_102' title='bbox 735 2105 872 2185; x_wconf 85' lang='lat' dir='ltr'><strong>ignibus</strong></span> <span class='ocrx_word' id='word_1_103' title='bbox 896 2104 1064 2186; x_wconf 88' lang='lat' dir='ltr'>adjiciant</span> <span class='ocrx_word' id='word_1_104' title='bbox 1086 2127 1148 2187; x_wconf 88' lang='lat' dir='ltr'>pa·</span> 
     </span>
     <span class='ocr_line' id='line_1_17' title="bbox 198 2201 1151 2283; baseline 0.003 -18"><span class='ocrx_word' id='word_1_105' title='bbox 198 2202 292 2278; x_wconf 83' lang='lat' dir='ltr'>bula,</span> <span class='ocrx_word' id='word_1_106' title='bbox 315 2221 422 2283; x_wconf 89' lang='lat' dir='ltr'>prope</span> <span class='ocrx_word' id='word_1_107' title='bbox 447 2201 604 2264; x_wconf 84' lang='lat' dir='ltr'>flammas</span> <span class='ocrx_word' id='word_1_108' title='bbox 630 2202 796 2264; x_wconf 89' lang='lat' dir='ltr'>accedens</span> <span class='ocrx_word' id='word_1_109' title='bbox 819 2203 952 2283; x_wconf 85' lang='lat' dir='ltr'><strong>ignium</strong></span> <span class='ocrx_word' id='word_1_110' title='bbox 976 2203 1090 2266; x_wconf 86' lang='lat' dir='ltr'>calore</span> <span class='ocrx_word' id='word_1_111' title='bbox 1115 2213 1151 2268; x_wconf 91' lang='lat' dir='ltr'>et</span> 
     </span>
     <span class='ocr_line' id='line_1_18' title="bbox 199 2299 1149 2380; baseline 0 -16"><span class='ocrx_word' id='word_1_112' title='bbox 199 2299 410 2364; x_wconf 87' lang='lat' dir='ltr'>autumnalis</span> <span class='ocrx_word' id='word_1_113' title='bbox 428 2307 535 2362; x_wconf 87' lang='lat' dir='ltr'>aestus</span> <span class='ocrx_word' id='word_1_114' title='bbox 559 2299 795 2380; x_wconf 86' lang='lat' dir='ltr'>inaequalitate</span> <span class='ocrx_word' id='word_1_115' title='bbox 818 2300 975 2362; x_wconf 90' lang='lat' dir='ltr'>morbum</span> <span class='ocrx_word' id='word_1_116' title='bbox 992 2301 1149 2364; x_wconf 88' lang='lat' dir='ltr'>incurrit.</span> 
     </span>
     <span class='ocr_line' id='line_1_19' title="bbox 200 2397 1150 2480; baseline 0.001 -18"><span class='ocrx_word' id='word_1_117' title='bbox 200 2398 314 2463; x_wconf 88' lang='lat' dir='ltr'><strong>Auxit</strong></span> <span class='ocrx_word' id='word_1_118' title='bbox 326 2406 495 2480; x_wconf 85' lang='lat' dir='ltr'>praeterea</span> <span class='ocrx_word' id='word_1_119' title='bbox 513 2398 727 2478; x_wconf 84' lang='lat' dir='ltr'>aegritudinis</span> <span class='ocrx_word' id='word_1_120' title='bbox 739 2399 814 2480; x_wconf 91' lang='lat' dir='ltr'>ejus</span> <span class='ocrx_word' id='word_1_121' title='bbox 832 2397 1040 2474; x_wconf 85' lang='lat' dir='ltr'>molestiam,</span> <span class='ocrx_word' id='word_1_122' title='bbox 1057 2401 1150 2480; x_wconf 91' lang='lat' dir='ltr'>quod</span> 
     </span>
     <span class='ocr_line' id='line_1_20' title="bbox 200 2497 1148 2579; baseline 0.001 -20"><span class='ocrx_word' id='word_1_123' title='bbox 200 2504 411 2579; x_wconf 86' lang='lat' dir='ltr'>praeruptam</span> <span class='ocrx_word' id='word_1_124' title='bbox 435 2497 563 2560; x_wconf 88' lang='lat' dir='ltr'>fossam</span> <span class='ocrx_word' id='word_1_125' title='bbox 585 2516 694 2578; x_wconf 92' lang='lat' dir='ltr'>equus</span> <span class='ocrx_word' id='word_1_126' title='bbox 715 2497 807 2578; x_wconf 88' lang='lat' dir='ltr'>regis</span> <span class='ocrx_word' id='word_1_127' title='bbox 818 2497 1021 2560; x_wconf 87' lang='lat' dir='ltr'>transiliens</span> <span class='ocrx_word' id='word_1_128' title='bbox 1042 2498 1148 2560; x_wconf 90' lang='lat' dir='ltr'>inter·</span> 
     </span>
     <span class='ocr_line' id='line_1_21' title="bbox 200 2594 1152 2678; baseline -0.001 -19"><span class='ocrx_word' id='word_1_129' title='bbox 200 2615 288 2659; x_wconf 88' lang='lat' dir='ltr'>anea</span> <span class='ocrx_word' id='word_1_130' title='bbox 305 2596 434 2678; x_wconf 88' lang='lat' dir='ltr'>dirupit</span> <span class='ocrx_word' id='word_1_131' title='bbox 448 2594 628 2658; x_wconf 90' lang='lat' dir='ltr'>insidentis</span> <span class='ocrx_word' id='word_1_132' title='bbox 642 2616 650 2674; x_wconf 92' lang='lat'>;</span> <span class='ocrx_word' id='word_1_133' title='bbox 669 2615 737 2677; x_wconf 92' lang='lat' dir='ltr'>quo</span> <span class='ocrx_word' id='word_1_134' title='bbox 755 2596 915 2658; x_wconf 91' lang='lat' dir='ltr'>nimirum</span> <span class='ocrx_word' id='word_1_135' title='bbox 930 2595 1048 2658; x_wconf 88' lang='lat' dir='ltr'>dolore</span> <span class='ocrx_word' id='word_1_136' title='bbox 1064 2597 1152 2659; x_wconf 89' lang='lat' dir='ltr'>acri-</span> 
     </span>
     <span class='ocr_line' id='line_1_22' title="bbox 200 2685 1152 2774; baseline -0.003 -16"><span class='ocrx_word' id='word_1_137' title='bbox 200 2703 254 2758; x_wconf 89' lang='lat' dir='ltr'>ter</span> <span class='ocrx_word' id='word_1_138' title='bbox 278 2693 424 2758; x_wconf 88' lang='lat' dir='ltr'>afflictus</span> <span class='ocrx_word' id='word_1_139' title='bbox 450 2692 709 2774; x_wconf 88' lang='lat' dir='ltr'>Rothomagum</span> <span class='ocrx_word' id='word_1_140' title='bbox 732 2685 926 2757; x_wconf 50' lang='lat' dir='ltr'>remeavit(</span> <span class='ocrx_word' id='word_1_141' title='bbox 964 2693 1052 2757; x_wconf 87' lang='lat' dir='ltr'>Cum</span> <span class='ocrx_word' id='word_1_142' title='bbox 1077 2695 1152 2756; x_wconf 91' lang='lat' dir='ltr'>lan-</span> 
     </span>
     <span class='ocr_line' id='line_1_23' title="bbox 201 2792 1152 2875; baseline -0.003 -18"><span class='ocrx_word' id='word_1_143' title='bbox 201 2813 289 2874; x_wconf 86' lang='lat' dir='ltr'>guor</span> <span class='ocrx_word' id='word_1_144' title='bbox 304 2811 367 2875; x_wconf 93' lang='lat' dir='ltr'>per</span> <span class='ocrx_word' id='word_1_145' title='bbox 383 2792 455 2863; x_wconf 90' lang='lat' dir='ltr'>dies</span> <span class='ocrx_word' id='word_1_146' title='bbox 470 2792 739 2873; x_wconf 83' lang='lat' dir='ltr'>ingravesceret,</span> <span class='ocrx_word' id='word_1_147' title='bbox 756 2793 928 2874; x_wconf 88' lang='lat' dir='ltr'>excipitur</span> <span class='ocrx_word' id='word_1_148' title='bbox 942 2793 1045 2868; x_wconf 92' lang='lat' dir='ltr'>lecto,</span> <span class='ocrx_word' id='word_1_149' title='bbox 1061 2812 1152 2855; x_wconf 88' lang='lat' dir='ltr'>mor-</span> 
     </span>
     <span class='ocr_line' id='line_1_24' title="bbox 199 2890 1152 2971; baseline -0.003 -16"><span class='ocrx_word' id='word_1_150' title='bbox 199 2893 235 2955; x_wconf 95' lang='lat' dir='ltr'>bi</span> <span class='ocrx_word' id='word_1_151' title='bbox 263 2890 468 2954; x_wconf 85' lang='lat' dir='ltr'>necessitate</span> <span class='ocrx_word' id='word_1_152' title='bbox 493 2890 716 2971; x_wconf 89' lang='lat' dir='ltr'>compulsus;</span> <span class='ocrx_word' id='word_1_153' title='bbox 747 2890 896 2954; x_wconf 88' lang='lat' dir='ltr'>consulti</span> <span class='ocrx_word' id='word_1_154' title='bbox 922 2891 1057 2966; x_wconf 89' lang='lat' dir='ltr'>medici,</span> <span class='ocrx_word' id='word_1_155' title='bbox 1081 2891 1152 2953; x_wconf 89' lang='lat' dir='ltr'>uri·</span> 
     </span>
     <span class='ocr_line' id='line_1_25' title="bbox 200 2985 1151 3071; baseline 0 -19"><span class='ocrx_word' id='word_1_156' title='bbox 200 3009 254 3052; x_wconf 87' lang='lat' dir='ltr'>nae</span> <span class='ocrx_word' id='word_1_157' title='bbox 267 2990 491 3071; x_wconf 90' lang='lat' dir='ltr'>inspectione,</span> <span class='ocrx_word' id='word_1_158' title='bbox 503 2995 648 3051; x_wconf 91' lang='lat' dir='ltr'>mortem</span> <span class='ocrx_word' id='word_1_159' title='bbox 662 2985 887 3052; x_wconf 85' lang='lat' dir='ltr'>certissimam</span> <span class='ocrx_word' id='word_1_160' title='bbox 901 2989 1151 3070; x_wconf 83' lang='lat' dir='ltr'>praedixerunt.</span> 
     </span>
     <span class='ocr_line' id='line_1_26' title="bbox 202 3086 1152 3169; baseline -0.001 -18"><span class='ocrx_word' id='word_1_161' title='bbox 202 3087 396 3169; x_wconf 89' lang='lat' dir='ltr'>Resumpto</span> <span class='ocrx_word' id='word_1_162' title='bbox 417 3096 534 3151; x_wconf 88' lang='lat' dir='ltr'>tamen</span> <span class='ocrx_word' id='word_1_163' title='bbox 556 3086 732 3169; x_wconf 87' lang='lat' dir='ltr'>paulisper</span> <span class='ocrx_word' id='word_1_164' title='bbox 754 3088 889 3168; x_wconf 91' lang='lat' dir='ltr'>spiritu,</span> <span class='ocrx_word' id='word_1_165' title='bbox 910 3106 988 3169; x_wconf 86' lang='lat' dir='ltr'>quae</span> <span class='ocrx_word' id='word_1_166' title='bbox 1005 3087 1152 3151; x_wconf 84' lang='lat' dir='ltr'>christi-</span> 
     </span>
     <span class='ocr_line' id='line_1_27' title="bbox 202 3183 1151 3265; baseline 0.002 -18"><span class='ocrx_word' id='word_1_167' title='bbox 202 3186 261 3248; x_wconf 89' lang='lat' dir='ltr'>ani</span> <span class='ocrx_word' id='word_1_168' title='bbox 283 3191 364 3249; x_wconf 88' lang='lat' dir='ltr'>sunt</span> <span class='ocrx_word' id='word_1_169' title='bbox 384 3183 421 3248; x_wconf 84' lang='lat' dir='ltr'>in</span> <span class='ocrx_word' id='word_1_170' title='bbox 441 3185 654 3250; x_wconf 89' lang='lat' dir='ltr'>confessione</span> <span class='ocrx_word' id='word_1_171' title='bbox 673 3192 709 3248; x_wconf 90' lang='lat' dir='ltr'>et</span> <span class='ocrx_word' id='word_1_172' title='bbox 725 3185 851 3249; x_wconf 86' lang='lat' dir='ltr'>viatico</span> <span class='ocrx_word' id='word_1_173' title='bbox 871 3193 1058 3248; x_wconf 84' lang='lat' dir='ltr'>exsecutus</span> <span class='ocrx_word' id='word_1_174' title='bbox 1076 3193 1151 3265; x_wconf 90' lang='lat' dir='ltr'>est;</span> 
     </span>
     <span class='ocr_line' id='line_1_28' title="bbox 203 3282 1152 3364; baseline 0.001 -18"><span class='ocrx_word' id='word_1_175' title='bbox 203 3283 453 3348; x_wconf 88' lang='lat' dir='ltr'>Normanniam</span> <span class='ocrx_word' id='word_1_176' title='bbox 465 3284 536 3346; x_wconf 90' lang='lat' dir='ltr'>filio</span> <span class='ocrx_word' id='word_1_177' title='bbox 550 3303 613 3346; x_wconf 90' lang='lat' dir='ltr'>suo</span> <span class='ocrx_word' id='word_1_178' title='bbox 624 3283 791 3359; x_wconf 88' lang='lat' dir='ltr'>Roberto,</span> <span class='ocrx_word' id='word_1_179' title='bbox 801 3282 967 3364; x_wconf 84' lang='lat' dir='ltr'>Angliam</span> <span class='ocrx_word' id='word_1_180' title='bbox 975 3284 1152 3348; x_wconf 88' lang='lat' dir='ltr'>Willelmo</span> 
     </span>
     <span class='ocr_line' id='line_1_29' title="bbox 202 3381 1152 3465; baseline -0.003 -19"><span class='ocrx_word' id='word_1_181' title='bbox 202 3382 308 3458; x_wconf 88' lang='lat' dir='ltr'>Rufo,</span> <span class='ocrx_word' id='word_1_182' title='bbox 325 3383 559 3465; x_wconf 90' lang='lat' dir='ltr'>possessiones</span> <span class='ocrx_word' id='word_1_183' title='bbox 573 3388 747 3445; x_wconf 89' lang='lat' dir='ltr'>maternas</span> <span class='ocrx_word' id='word_1_184' title='bbox 765 3402 842 3445; x_wconf 90' lang='lat' dir='ltr'>cum</span> <span class='ocrx_word' id='word_1_185' title='bbox 860 3381 1032 3445; x_wconf 87' lang='lat' dir='ltr'>thesauris</span> <span class='ocrx_word' id='word_1_186' title='bbox 1049 3382 1152 3445; x_wconf 95' lang='lat' dir='ltr'>Hen-</span> 
     </span>
     <span class='ocr_line' id='line_1_30' title="bbox 202 3480 1152 3561; baseline -0.001 -19"><span class='ocrx_word' id='word_1_187' title='bbox 202 3482 273 3544; x_wconf 89' lang='lat' dir='ltr'>rico</span> <span class='ocrx_word' id='word_1_188' title='bbox 296 3481 451 3561; x_wconf 89' lang='lat' dir='ltr'>legavit;</span> <span class='ocrx_word' id='word_1_189' title='bbox 476 3480 611 3543; x_wconf 83' lang='lat' dir='ltr'>vinctos</span> <span class='ocrx_word' id='word_1_190' title='bbox 635 3487 717 3543; x_wconf 85' lang='lat' dir='ltr'>suos</span> <span class='ocrx_word' id='word_1_191' title='bbox 735 3499 852 3543; x_wconf 89' lang='lat' dir='ltr'>omnes</span> <span class='ocrx_word' id='word_1_192' title='bbox 875 3481 1014 3543; x_wconf 89' lang='lat' dir='ltr'>liberari</span> <span class='ocrx_word' id='word_1_193' title='bbox 1034 3499 1056 3542; x_wconf 89' lang='lat' dir='ltr'>a</span> <span class='ocrx_word' id='word_1_194' title='bbox 1076 3499 1152 3542; x_wconf 88' lang='lat' dir='ltr'>car-</span> 
     </span>
     <span class='ocr_line' id='line_1_31' title="bbox 201 3576 1153 3653; baseline -0.002 -11"><span class='ocrx_word' id='word_1_195' title='bbox 201 3580 337 3642; x_wconf 87' lang='lat' dir='ltr'>ceribus</span> <span class='ocrx_word' id='word_1_196' title='bbox 352 3586 388 3641; x_wconf 88' lang='lat' dir='ltr'>et</span> <span class='ocrx_word' id='word_1_197' title='bbox 406 3576 506 3653; x_wconf 90' lang='lat' dir='ltr'>solvi,</span> <span class='ocrx_word' id='word_1_198' title='bbox 523 3578 704 3643; x_wconf 89' lang='lat' dir='ltr'>thesauros</span> <span class='ocrx_word' id='word_1_199' title='bbox 723 3577 834 3641; x_wconf 87' lang='lat' dir='ltr'>efferri</span> <span class='ocrx_word' id='word_1_200' title='bbox 860 3584 895 3640; x_wconf 93' lang='lat' dir='ltr'>et</span> <span class='ocrx_word' id='word_1_201' title='bbox 912 3577 1065 3640; x_wconf 89' lang='lat' dir='ltr'>ecclesiis</span> <span class='ocrx_word' id='word_1_202' title='bbox 1083 3577 1153 3640; x_wconf 90' lang='lat' dir='ltr'>dis·</span> 
     </span>
     <span class='ocr_line' id='line_1_32' title="bbox 201 3673 1151 3759; baseline -0.005 -19"><span class='ocrx_word' id='word_1_203' title='bbox 201 3677 333 3759; x_wconf 84' lang='lat' dir='ltr'>pertiti,</span> <span class='ocrx_word' id='word_1_204' title='bbox 350 3676 534 3758; x_wconf 84' lang='lat' dir='ltr'>praecepit3</span> <span class='ocrx_word' id='word_1_205' title='bbox 561 3696 740 3740; x_wconf 89' lang='lat' dir='ltr'>numerum</span> <span class='ocrx_word' id='word_1_206' title='bbox 756 3675 913 3758; x_wconf 86' lang='lat' dir='ltr'>pecuniae</span> <span class='ocrx_word' id='word_1_207' title='bbox 928 3673 1151 3737; x_wconf 90' lang='lat' dir='ltr'>sufficientem</span> 
     </span>
     <span class='ocr_line' id='line_1_33' title="bbox 203 3772 1166 3858; baseline -0.002 -21"><span class='ocrx_word' id='word_1_208' title='bbox 203 3775 246 3837; x_wconf 90' lang='lat' dir='ltr'>ad</span> <span class='ocrx_word' id='word_1_209' title='bbox 273 3774 524 3858; x_wconf 88' lang='lat' dir='ltr'>reparationem</span> <span class='ocrx_word' id='word_1_210' title='bbox 551 3775 704 3838; x_wconf 86' lang='lat' dir='ltr'>basilicae</span> <span class='ocrx_word' id='word_1_211' title='bbox 731 3780 860 3837; x_wconf 83' lang='lat' dir='ltr'>sanctae</span> <span class='ocrx_word' id='word_1_212' title='bbox 888 3772 1011 3835; x_wconf 87' lang='lat' dir='ltr'>Mariae</span> <span class='ocrx_word' id='word_1_213' title='bbox 1043 3791 1166 3853; x_wconf 65' lang='lat' dir='ltr'>nuper,</span> 
     </span>
    </p>
   </div>
   <div class='ocr_carea' id='block_1_3' title="bbox 199 4033 1199 4371">
    <p class='ocr_par' dir='ltr' id='par_1_3' title="bbox 201 4033 1199 4165">
     <span class='ocr_line' id='line_1_34' title="bbox 201 4033 1199 4098; baseline 0.002 -16"><span class='ocrx_word' id='word_1_214' title='bbox 201 4048 300 4082; x_wconf 86' lang='lat' dir='ltr'>answer</span> <span class='ocrx_word' id='word_1_215' title='bbox 309 4033 338 4082; x_wconf 86' lang='lat' dir='ltr'>ol</span> <span class='ocrx_word' id='word_1_216' title='bbox 346 4034 458 4082; x_wconf 88' lang='lat' dir='ltr'>William</span> <span class='ocrx_word' id='word_1_217' title='bbox 469 4039 495 4082; x_wconf 92' lang='lat' dir='ltr'>to</span> <span class='ocrx_word' id='word_1_218' title='bbox 510 4035 553 4084; x_wconf 85' lang='lat' dir='ltr'>the</span> <span class='ocrx_word' id='word_1_219' title='bbox 565 4034 663 4086; x_wconf 87' lang='lat' dir='ltr'>French</span> <span class='ocrx_word' id='word_1_220' title='bbox 688 4041 715 4085; x_wconf 86' lang='lat' dir='ltr'>at</span> <span class='ocrx_word' id='word_1_221' title='bbox 725 4037 791 4085; x_wconf 89' lang='lat' dir='ltr'>their</span> <span class='ocrx_word' id='word_1_222' title='bbox 807 4037 959 4098; x_wconf 82' lang='lat' dir='ltr'>churching;</span> <span class='ocrx_word' id='word_1_223' title='bbox 977 4051 1019 4086; x_wconf 87' lang='lat' dir='ltr'>see</span> <span class='ocrx_word' id='word_1_224' title='bbox 1033 4035 1150 4098; x_wconf 89' lang='lat' dir='ltr'>Durand,</span> <span class='ocrx_word' id='word_1_225' title='bbox 1198 4079 1199 4084; x_wconf 75' lang='grc'>,</span> 
     </span>
     <span class='ocr_line' id='line_1_35' title="bbox 201 4101 802 4165; baseline 0.01 -16"><span class='ocrx_word' id='word_1_226' title='bbox 201 4102 272 4163; x_wconf 84' lang='lat' dir='ltr'><strong>king,</strong></span> <span class='ocrx_word' id='word_1_227' title='bbox 289 4101 344 4150; x_wconf 88' lang='lat' dir='ltr'>that</span> <span class='ocrx_word' id='word_1_228' title='bbox 360 4101 423 4150; x_wconf 86' lang='lat' dir='ltr'>aiter</span> <span class='ocrx_word' id='word_1_229' title='bbox 439 4103 478 4150; x_wconf 85' lang='lat' dir='ltr'>his</span> <span class='ocrx_word' id='word_1_230' title='bbox 498 4102 609 4165; x_wconf 86' lang='lat' dir='ltr'><strong>lying-in</strong></span> <span class='ocrx_word' id='word_1_231' title='bbox 630 4104 662 4152; x_wconf 90' lang='lat' dir='ltr'>he</span> <span class='ocrx_word' id='word_1_232' title='bbox 686 4107 731 4156; x_wconf 84' lang='lat' dir='ltr'><strong>vii.</strong></span> <span class='ocrx_word' id='word_1_233' title='bbox 742 4122 765 4155; x_wconf 92' lang='lat' dir='ltr'>c.</span> <span class='ocrx_word' id='word_1_234' title='bbox 778 4111 802 4155; x_wconf 86' lang='grc'>7.</span> 
     </span>
    </p>

    <p class='ocr_par' dir='ltr' id='par_1_4' title="bbox 200 4171 663 4233">
     <span class='ocr_line' id='line_1_36' title="bbox 200 4171 663 4233; baseline 0.006 -15"><span class='ocrx_word' id='word_1_235' title='bbox 200 4171 287 4219; x_wconf 88' lang='lat' dir='ltr'>would</span> <span class='ocrx_word' id='word_1_236' title='bbox 303 4171 392 4219; x_wconf 84' lang='lat' dir='ltr'>effera</span> <span class='ocrx_word' id='word_1_237' title='bbox 402 4171 527 4220; x_wconf 84' lang='lat' dir='ltr'>thousand</span> <span class='ocrx_word' id='word_1_238' title='bbox 542 4173 620 4233; x_wconf 84' lang='lat' dir='ltr'>ligbts</span> <span class='ocrx_word' id='word_1_239' title='bbox 637 4173 663 4221; x_wconf 94' lang='lat' dir='ltr'>in</span> 
     </span>
    </p>

    <p class='ocr_par' dir='ltr' id='par_1_5' title="bbox 199 4237 1151 4371">
     <span class='ocr_line' id='line_1_37' title="bbox 199 4237 1151 4303; baseline 0 -17"><span class='ocrx_word' id='word_1_240' title='bbox 199 4239 306 4298; x_wconf 80' lang='lat' dir='ltr'>Franco,</span> <span class='ocrx_word' id='word_1_241' title='bbox 316 4239 343 4286; x_wconf 92' lang='lat' dir='ltr'>in</span> <span class='ocrx_word' id='word_1_242' title='bbox 353 4238 462 4288; x_wconf 84' lang='lat' dir='ltr'>allusion</span> <span class='ocrx_word' id='word_1_243' title='bbox 477 4245 502 4289; x_wconf 92' lang='lat' dir='ltr'>to</span> <span class='ocrx_word' id='word_1_244' title='bbox 513 4241 555 4289; x_wconf 90' lang='lat' dir='ltr'>the</span> <span class='ocrx_word' id='word_1_245' title='bbox 567 4247 661 4290; x_wconf 88' lang='lat' dir='ltr'>custom</span> <span class='ocrx_word' id='word_1_246' title='bbox 723 4237 731 4268; x_wconf 93' lang='lat'>¹</span> <span class='ocrx_word' id='word_1_247' title='bbox 748 4241 891 4290; x_wconf 76' lang='lat' dir='ltr'>Manatum.</span> <span class='ocrx_word' id='word_1_248' title='bbox 909 4241 920 4303; x_wconf 97' lang='lat'><strong>]</strong></span> <span class='ocrx_word' id='word_1_249' title='bbox 951 4241 1063 4300; x_wconf 82' lang='lat' dir='ltr'>Mantes,</span> <span class='ocrx_word' id='word_1_250' title='bbox 1083 4252 1151 4299; x_wconf 88' lang='lat' dir='ltr'>upon</span> 
     </span>
     <span class='ocr_line' id='line_1_38' title="bbox 200 4306 824 4371; baseline 0.003 -15"><span class='ocrx_word' id='word_1_251' title='bbox 200 4307 229 4356; x_wconf 85' lang='lat' dir='ltr'>of</span> <span class='ocrx_word' id='word_1_252' title='bbox 236 4322 335 4356; x_wconf 87' lang='lat' dir='ltr'>women</span> <span class='ocrx_word' id='word_1_253' title='bbox 345 4307 450 4370; x_wconf 77' lang='lat' dir='ltr'>offering</span> <span class='ocrx_word' id='word_1_254' title='bbox 465 4309 563 4370; x_wconf 80' lang='lat' dir='ltr'>lighted</span> <span class='ocrx_word' id='word_1_255' title='bbox 580 4314 664 4371; x_wconf 85' lang='lat' dir='ltr'>tapers</span> <span class='ocrx_word' id='word_1_256' title='bbox 688 4306 730 4356; x_wconf 85' lang='lat' dir='ltr'>the</span> <span class='ocrx_word' id='word_1_257' title='bbox 741 4309 824 4358; x_wconf 89' lang='lat' dir='ltr'>Seiue.</span> 
     </span>
    </p>
   </div>
   <div class='ocr_carea' id='block_1_4' title="bbox 0 0 1604 5202">
    <p class='ocr_par' dir='ltr' id='par_1_6' title="bbox 0 0 1604 5202">
     <span class='ocr_line' id='line_1_39' title="bbox 0 0 1604 5202; baseline 0 0"><span class='ocrx_word' id='word_1_258' title='bbox 0 0 1604 5202; x_wconf 95' lang='lat' dir='ltr'> </span> 
     </span>
    </p>
   </div>
  </div>
 </body>
</html>
