3178 5194
384 551 531 601 neonus
554 552 825 602 Hlsl'oltllllttlol.
1013 537 1079 610 353

27 779 28 808 1
132 709 194 774 nisi
223 708 347 775 alienae
371 727 496 774 manus
526 709 659 775 auxilio
687 729 725 775 se
752 710 788 784 in
817 711 910 775 latus
936 709 1105 813 aliquod
1088 723 1143 813 ⁸er
1142 723 1211 813 po·

27 811 28 888 f
132 808 351 888 declinabat;
384 826 454 889 quo
487 809 607 892 utique
640 817 794 893 tempore
826 816 880 875 tot
912 773 1125 874 sustinuit&ir
1120 775 1203 871 iiiuc·

27 907 28 914 ’
132 906 373 989 aegritudinum
390 909 692 990 tentationumque
707 909 896 985 molestias,
912 915 997 991 quot
1014 928 1078 972 nec

27 1023 28 1102 p
130 1007 247 1087 lingua
267 1014 412 1088 possent
429 1007 484 1070 vel
507 1007 640 1070 calamo
662 1006 915 1089 comprehendi.
962 1007 1078 1072 Vene-

27 1143 28 1172 l
131 1112 208 1168 runt
228 1105 274 1168 ad
296 1124 375 1168 eum
398 1105 467 1168 duo
489 1105 675 1184 doemones,
698 1105 890 1171 deserentes
919 1106 1078 1171 lecticam
1172 1112 1174 1118 '

131 1211 164 1266 et
181 1203 348 1282 dicenteS,
371 1203 479 1268 ‘Huc
496 1205 665 1280 venimus,
684 1211 723 1268 ut
746 1212 780 1269 te
803 1205 847 1268 ad
869 1205 998 1269 inferos
1021 1206 1078 1268 da·
1160 1257 1164 1266 .

27 1363 28 1366 ,
129 1311 316 1384 portemus,
339 1303 421 1385 quia
449 1322 556 1367 senex
579 1303 708 1366 delirus
731 1322 767 1367 es
796 1304 896 1368 etde
923 1305 1078 1387 sapiente

27 1421 28 1428 ¹
129 1401 240 1467 lactus
263 1402 430 1484 insipiens
444 1402 465 1480 ;’
488 1400 546 1465 ille
572 1401 683 1466 crucis
706 1403 886 1483 signaculo
908 1422 946 1466 se
967 1403 1079 1466 muni·

27 1551 28 1580 ,
130 1502 188 1581 vit,
207 1508 243 1566 et
260 1519 364 1566 orans
384 1501 542 1586 protinus
560 1502 734 1570 daemones
750 1500 927 1584 effugavit

199 1697 354 1774 Quomodo
370 1695 512 1762 dolonn
524 1705 663 1764 sonuum
683 1697 851 1762 Godrioom
865 1698 900 1764 in
914 1700 1016 1785 cupito

355 1797 551 1887 percusserit,
568 1806 596 1862 el
612 1796 649 1861 de
662 1805 756 1862 niorto
771 1797 846 1882 oy‘aa

180 1921 313 1988 Postea
327 1939 420 1998 vero,
434 1939 511 1984 cum
527 1919 580 1984 vir
597 1919 665 1984 Dei
683 1921 758 1984 vice
774 1920 923 2002 quadam
939 1921 1080 1985 inlecto
1107 1925 1109 1930 ’

129 2020 225 2084 solus
248 2020 392 2103 jaceret,
406 2018 567 2095 ministri,
588 2019 649 2101 qui
667 2018 751 2082 foris
769 2027 879 2096 eraut,
898 2040 1017 2084 vocem
1038 2021 1080 2083 il-

130 2119 182 2183 los
198 2127 381 2184 vocantem
397 2116 592 2194 audierunt,
609 2126 645 2181 et
660 2137 842 2182 accurrens
857 2138 947 2182 unus
963 2139 1081 2182 eorum

27 2243 28 2260 ¹
131 2212 336 2282 festinanter
352 2217 487 2282 invenit
506 2236 585 2280 eum
602 2235 745 2299 corpore
762 2217 891 2280 nudum
906 2217 1081 2301 jacentem

130 2317 167 2380 in
183 2318 326 2381 oratorii
346 2317 558 2398 pavimento,
575 2323 611 2380 et
630 2315 728 2378 illum
745 2315 782 2379 in
804 2317 895 2380 lecto
912 2314 1081 2398 reponens

132 2415 296 2498 quaesivit
317 2416 362 2478 ab
384 2435 436 2492 eo,
463 2433 571 2497 quare
593 2415 643 2478 sic
662 2414 817 2497 jaceret3
843 2422 879 2479 et
900 2415 970 2491 ille,
996 2414 1083 2478 ‘Di-

133 2514 280 2591 abolusss
295 2514 420 2596 inquit,
442 2514 551 2577 ‘mihi
574 2513 720 2591 adstitit,
735 2521 771 2578 et
788 2514 909 2578 videns
927 2534 981 2578 me
1002 2521 1083 2596 post

27 2632 28 2680 l
133 2614 287 2696 quietem
307 2613 417 2676 somni
433 2613 583 2695 tepidius
607 2619 779 2694 agentem,
799 2613 914 2678 subito
934 2613 976 2678 de
992 2614 1082 2677 lecto

132 2732 187 2776 me
209 2713 345 2795 pepulit
373 2712 598 2793 improvisum
623 2718 659 2774 et
680 2729 822 2777 scamno
844 2720 949 2794 caput
971 2728 1083 2776 meum

134 2811 270 2891 allisit;’
289 2818 325 2874 et
341 2810 527 2875 ostendens
537 2811 685 2891 gibbum
704 2812 739 2875 in
756 2812 870 2895 capite
887 2812 962 2875 haec
978 2811 1084 2876 verba

133 2909 329 2993 subjunxit,
351 2914 361 2943 ‘
381 2909 440 2973 Ita
461 2909 576 2973 subito
596 2929 651 2973 mc
670 2911 839 2993 praevenit
860 2910 1030 2988 iuimicus,
1045 2919 1085 2973 ut

134 3011 239 3090 siguo
253 3007 365 3072 crucis
382 3027 436 3072 me
453 3028 522 3072 non
539 3007 640 3090 potui
654 3010 871 3090 praemunire,
887 3015 923 3072 et
940 3009 1002 3085 ait,
1019 3009 1085 3084 En,

136 3108 290 3173 Godrice
310 3108 449 3184 rustice,
471 3107 604 3189 dequo
630 3127 699 3171 uon
717 3108 813 3172 valui
834 3108 1001 3171 hactenus
1023 3127 1085 3190 per

27 3255 28 3260 η
133 3227 232 3273 meos
248 3207 417 3271 satellites
430 3206 654 3289 triumphare,
669 3206 750 3270 dum
765 3207 844 3271 lecti
860 3206 978 3270 mollia
989 3225 1084 3287 quaee

27 3323 28 3326 ’
135 3306 185 3370 ris
203 3314 240 3371 et
261 3306 354 3370 sicca
376 3324 397 3369 a
418 3325 473 3369 me
493 3305 595 3369 modo
618 3305 793 3370 occideris.
843 3304 983 3387 Cogitet
1002 3323 1085 3386 ergo

135 3405 376 3488 unusquisque
397 3423 502 3487 quam
526 3404 756 3487 periculosum
780 3405 826 3468 sit
849 3404 989 3468 delicias
1012 3423 1087 3468 cor-

135 3506 216 3588 pori
235 3504 396 3568 adhibere
416 3510 452 3567 et
468 3504 612 3568 mollitie
634 3502 810 3580 delectari,
826 3523 905 3568 cum
922 3523 992 3567 non
1007 3521 1089 3585 pos·

27 3651 28 3658 κ
135 3604 186 3668 sit
203 3604 302 3667 Deus
325 3604 361 3665 in
384 3602 510 3666 linibus
536 3602 689 3665 suaviter
705 3602 897 3667 viventium
918 3602 1089 3666 inveniri.'

136 3703 238 3767 Obiit
266 3709 382 3766 autem
407 3701 611 3765 venerabilis
640 3708 741 3782 pater
767 3701 939 3767 Godricus
961 3700 1090 3764 duode-

134 3801 227 3866 cimo
255 3800 423 3864 kalendas
451 3799 474 3863 J
477 3799 561 3875 unii,
586 3799 623 3862 in
645 3800 779 3866 octavis
806 3799 938 3865 scilicet
969 3800 1090 3864 Domi-

134 3902 227 3964 nicae
260 3899 484 3976 ascensionis
513 3898 613 3982 cujus
643 3898 716 3963 vita
746 3907 781 3964 et
809 3900 955 3965 virtutes
984 3918 1091 3981 supra

133 3999 296 4064 homines
331 4017 408 4064 esse
438 4004 474 4061 et
502 3997 730 4080 impossibilia
761 4000 874 4064 relatu
907 3998 1090 4077 videntur3

134 4100 298 4181 sepultus
325 4104 379 4162 est
405 4097 583 4165 autemin
606 4098 758 4163 oratorio
784 4115 861 4176 suo,
883 4096 927 4161 ad
952 4097 1091 4178 plagam

135 4198 461 4281 septentrionalem,
487 4204 568 4262 ante
596 4197 725 4280 gradus
749 4198 874 4264 altaris
893 4196 1006 4260 sancti
1028 4195 1050 4260 J
1054 4217 1092 4260 o·

190 4315 270 4360 von.
287 4314 328 4360 11.
881 4297 944 4362 2u
