3144 5180
116 1055 182 1108 turs
196 1049 364 1111 moedus
377 1050 586 1131 pspuibu
600 1049 824 1126 nmismrir,
839 1047 1056 1131 exemplum·

1 1139 2 1154 ¹
117 1146 1059 1230 questiisprtbemounessdeleemosynssetls-

1 1316 2 1340 χ
115 1245 329 1328 cbrymmn
352 1246 551 1310 deffluere
578 1249 776 1311 munorit.
830 1246 932 1310 Τιιιιο
958 1265 1058 1328 meg-

1 1373 2 1397 κ
117 1345 235 1408 uilicus
260 1347 450 1428 imperator
477 1347 599 1410 ridm
631 1346 788 1410 eeclesias
820 1347 1058 1428 perimentum

118 1442 301 1526 lachrymis
332 1446 479 1508 ubertim
511 1445 703 1528 perfusum,
728 1445 822 1528 quod
852 1445 949 1528 prius
977 1463 1058 1508 san·

119 1544 218 1622 guiue
230 1543 349 1606 fuerat
363 1545 587 1622 tabefactum²
598 1545 707 1628 jut
721 1545 927 1608 fiducialiter
943 1545 1058 1607 missae

119 1642 279 1705 inchoare
301 1641 463 1720 officium,
478 1653 515 1707 et
537 1663 617 1707 cum
639 1663 776 1708 ma
799 1643 984 1708 devotione
1004 1643 1059 1708 in·

118 1751 253 1823 ceptum
268 1743 472 1823 obsequium
487 1742 759 1826 compleverunt.
809 1742 965 1806 Tandem
980 1760 1060 1806 curn

1 1883 2 1924 3
118 1849 321 1920 perventum
340 1849 417 1904 erat
437 1842 481 1904 ad
498 1862 637 1905 versum
656 1841 909 1924 supradictum,
925 1847 935 1875 ‘
954 1841 1060 1904 Hunc

1 1992 2 2021 p
119 1939 205 2002 dien
221 1939 413 2018 gloriosum
428 1949 468 2004 tu
487 1940 622 2018 iecisti,'
636 1942 803 2023 praecepit
818 1941 1007 2024 imperator
1022 1947 1062 2004 ut

1 2068 2 2076 κ
120 2058 237 2100 versus
256 2059 280 2100 a
300 2038 407 2101 cboro
428 2041 532 2104 tertio
553 2047 778 2123 repeteretur,
800 2039 838 2102 in
859 2037 1063 2102 contumeli-

120 2157 173 2199 am
194 2137 381 2215 Satbanae3
404 2145 441 2201 et
456 2139 607 2216 demum,
619 2139 719 2204 finito
735 2158 851 2214 versu,
864 2137 972 2220 jussit
987 2155 1062 2200 om·

121 2256 178 2298 nes
193 2237 407 2319 aliquamdiu
429 2237 544 2314 silere,
560 2247 600 2302 nt
616 2239 777 2302 audirent
791 2238 823 2301 si
839 2235 950 2300 bostis
972 2235 1064 2299 anti·

1 2345 2 2362 ¹
122 2355 219 2416 quus,
235 2342 277 2398 ut
297 2335 394 2416 prius
407 2335 550 2412 fecerat,
565 2336 697 2419 aliquid
719 2334 967 2400 subsannando
983 2351 1063 2417 pro·

1 2508 2 2514 ¹
121 2433 223 2498 ferret
239 2455 250 2512 ;
274 2433 348 2510 sed,
372 2453 449 2497 cum
469 2435 723 2516 aliquantulum
744 2439 1008 2518 exspectassent
1028 2440 1065 2497 et

1 2558 2 2636 }
123 2533 204 2596 nibil
220 2533 412 2610 audissent,
428 2533 653 2612 ‘Noveritis,’
668 2536 718 2599 ait
733 2535 933 2617 imperator,
947 2537 958 2568 ‘
971 2531 1063 2615 quod

123 2630 280 2696 inimicus
298 2639 417 2695 noster
431 2632 597 2696 confusus
613 2633 779 2697 recessit.’
829 2631 930 2696 Tunc
946 2649 1065 2698 omnes

125 2731 378 2812 congaudentes
399 2732 437 2793 in
454 2731 606 2795 Domino
626 2740 661 2796 et
675 2733 874 2796 exultantes
892 2729 1065 2794 residuum

123 2830 236 2892 missae
262 2829 410 2892 feliciter
443 2838 664 2912 peregerunt,
691 2830 925 2911 glorificantes
960 2827 1066 2910 Spiri-

122 2935 194 2990 tum
216 2928 396 3004 Sanctum,
417 2930 478 3009 qui
499 2930 701 3011 imperatori
723 2929 793 2992 tale
813 2928 995 2992 consilium
1013 2927 1067 2990 in·

122 3026 280 3108 spiravit.
322 3025 497 3092 Successit
526 3029 558 3091 ei
588 3029 626 3092 in
656 3029 838 3110 imperium
871 3026 1067 3090 Romanum

125 3119 347 3189 Fredericus¹
365 3146 474 3208 nepos
490 3127 579 3210 ejus.

193 3295 263 3360 Hoc
277 3315 360 3358 coco
375 3291 449 3358 obiit
459 3316 551 3380 popa
564 3295 724 3381 Especias
737 3305 765 3360 ct
779 3297 871 3362 malti
885 3295 996 3362 dicitas

534 3415 602 3458 cam
616 3416 657 3458 oo.

183 3511 290 3580 Anno
321 3517 463 3581 Domini
496 3533 607 3580 nonu.
643 3517 822 3599 Eugenius
858 3535 950 3600 pape
982 3515 1072 3581 diem
1086 3529 1212 3622 2333&ss

126 3615 251 3679 clausit
284 3623 479 3679 extremum
511 3635 627 3680 meuse
659 3616 682 3680 J
685 3617 769 3693 ulio,
799 3616 855 3680 cni
886 3615 1073 3680 succedens
1087 3629 1194 3681 lvooce

127 3707 356 3778 Anastasius²
371 3715 460 3777 sedit
474 3715 511 3776 in
525 3714 691 3778 cathedre
707 3715 868 3778 Romana
882 3733 975 3778 anno
993 3733 1075 3792 uno,

81 3808 84 3814 ’
126 3814 302 3876 mensibus
338 3820 489 3894 quatuor
522 3819 558 3876 et
589 3812 708 3877 diebus
753 3811 878 3894 viginti
915 3819 1075 3895 quatuor.

128 3911 259 3975 Eodem
297 3930 390 3975 anno
416 3910 612 3976 Richardus
635 3911 679 3975 de
707 3910 880 3988 Beumeis,
906 3909 1077 3975 archidia-

163 4140 171 4172 ¹
185 4141 354 4204 Frederieas,]
371 4143 413 4190 the
430 4143 493 4204 first,
511 4156 556 4192 eon
567 4144 596 4194 of
653 4134 850 4210 *lanterna
868 4137 1022 4190 Anastasius
1038 4137 1079 4188 the

128 4212 257 4274 Frederic,
265 4212 336 4260 dulce
343 4211 372 4259 of
380 4211 485 4274 Suebis,
492 4211 593 4261 brother
618 4211 702 4260 fourth
714 4225 769 4260 was
783 4208 882 4260 elected
899 4224 931 4260 on
944 4208 987 4260 the
1005 4205 1081 4258 death

129 4281 158 4328 oi
168 4281 211 4328 the
228 4295 344 4341 emperor
358 4281 474 4342 Conrad;
490 4280 522 4330 he
533 4282 593 4331 died
618 4281 648 4328 oi
660 4282 765 4341 Eugene
782 4281 808 4327 in
822 4282 895 4342 usa,
910 4277 961 4330 and
977 4275 1039 4327 died
1056 4277 1082 4326 ln

128 4349 154 4396 in
166 4349 235 4398 June
248 4353 323 4400 11⁹⁰.
618 4350 759 4399 December
770 4351 844 4399 11⁵4.
