3178 5194
473 587 539 654 372
729 599 863 650 nocem
888 601 935 648 nn
957 599 1168 650 wnunovnn

563 829 654 912 Quod
666 853 721 898 ree
734 831 932 898 Francorum
947 832 1183 897 Noeueanniara
1197 829 1349 896 hostiliter

869 931 1029 996 invaserit.

314 1071 369 1112 A-u·
381 1070 436 1110 11⁷³·
527 1045 674 1119 Eodem¹
700 1074 790 1121 anno
818 1075 881 1120 rex
913 1056 1124 1124 Francorum
1153 1053 1358 1120 Lodowicus
1376 1049 1427 1119 ¹ad

312 1121 445 1221 imile
477 1152 729 1220 Normanniam
772 1155 911 1238 penitus
948 1154 1200 1218 devastandum
1231 1155 1428 1218 inunmera-

475 1254 579 1318 bilem
614 1254 805 1319 exeroitum
836 1254 1088 1336 congregavit3
1121 1252 1180 1336 qui
1218 1247 1426 1334 quantocius

477 1352 730 1419 Normanniam
766 1354 944 1436 ingressus
981 1359 1133 1417 castrum
1165 1349 1426 1417 Albemerlense

476 1452 580 1536 ¹cepit,
598 1461 635 1518 et
648 1453 862 1522 ‚Willelmum
887 1453 963 1537 ejus
990 1452 1166 1516 dominum
1194 1471 1272 1515 cum
1300 1453 1426 1516 comite

476 1551 614 1616 Simone
640 1562 675 1620 et
697 1553 853 1635 pluribus
880 1552 958 1616 aliis
987 1551 1031 1615 ad
1062 1551 1267 1616 deditionem
1297 1552 1424 1632 coegit.

477 1650 626 1716 Domum
656 1653 748 1734 cepit
783 1659 936 1716 castrum
967 1650 1156 1716 Driencurt
1189 1657 1224 1714 et
1253 1650 1421 1714 custodiae

475 1744 680 1831 deputavit3
711 1751 860 1835 indeque
888 1751 933 1815 ad
955 1757 1109 1814 castrum
1132 1749 1174 1813 de
1195 1747 1321 1815 Arabis
1343 1759 1424 1832 pro·

474 1849 634 1932 grediens
666 1851 782 1915 amisit
813 1850 856 1914 in
881 1851 1003 1915 itinere
1042 1849 1210 1916 Bononiae
1250 1848 1422 1927 comitem,

475 1947 566 2013 uude
582 1961 697 2014 comes
716 1950 939 2020 Flandrensis
961 1950 1004 2014 de
1028 1956 1138 2014 morte
1154 1948 1290 2013 comitis
1306 1948 1427 2016 fratris,

475 2049 530 2112 sui
563 2049 679 2114 animo
719 2048 821 2114 nimis
854 2052 1095 2119 consternatus
1127 2048 1171 2112 ad
1190 2037 1344 2130 'propria
1373 2068 1424 2112 re-

474 2148 615 2213 meavit.
669 2148 749 2213 Rex
766 2147 941 2213 Henricus
958 2148 1072 2213 senior
1093 2148 1184 2211 inter
1209 2146 1284 2211 baec
1306 2149 1421 2211 omnia

475 2245 688 2330 Rotbomagi
715 2250 925 2325 morabatur,
949 2267 1050 2331 eoquo
1077 2247 1203 2324 animo,
1228 2254 1268 2311 ut
1295 2247 1424 2329 populo

475 2347 587 2416 visum
614 2355 679 2426 est,
703 2348 817 2412 ferens
842 2367 885 2412 ea
908 2367 987 2430 quae
1013 2346 1152 2425 fiebant,
1175 2353 1216 2412 et,
1233 2346 1336 2412 solito
1357 2347 1422 2410 fre·

475 2447 636 2527 quentius
668 2448 811 2512 venatui
845 2446 1029 2528 indulgens
1060 2447 1104 2510 ad
1134 2465 1171 2510 se
1201 2445 1420 2510 venientibus

474 2546 609 2609 uultum
626 2546 822 2610 hilariorem
840 2546 1036 2629 praetendit.
1088 2546 1342 2609 Dilabebantur
1359 2565 1421 2610 au·

474 2650 543 2708 tem
566 2647 674 2709 abeo
699 2645 747 2722 hi,
774 2666 862 2729 quos
884 2648 927 2710 ab
952 2645 1053 2709 annis
1081 2645 1269 2728 puerilibus
1296 2645 1421 2709 educa-

473 2749 584 2822 verat,
622 2745 804 2810 eredentes·
842 2745 1111 2810 dominationem
1142 2744 1204 2808 tilii
1236 2745 1329 2808 illico
1355 2745 1420 2808 im·

471 2843 613 2908 minere.
664 2844 813 2908 Sedente
839 2864 977 2928 quoque
1002 2864 1084 2926 rege
1108 2844 1318 2908 Francorum
1340 2863 1418 2906 cum

472 2961 554 3024 rege
576 2942 648 3007 filio
669 2944 762 3026 regis
785 2944 821 3007 in
844 2942 1022 3008 obsidione
1043 2943 1213 3022 Vernolii,
1235 2962 1298 3008 rex
1319 2951 1420 3025 pater

472 3043 612 3107 nuntios
638 3043 764 3107 direxit
791 3044 836 3107 ad
861 3063 977 3125 regem
1006 3043 1231 3120 Francorum,
1250 3042 1422 3112 mandans.

471 3146 512 3204 ut
528 3161 606 3209 cum
621 3142 842 3208 festinatione
859 3154 887 3207 a*
899 3142 1116 3207 Normannia
1132 3143 1318 3218 recederet,
1333 3142 1420 3206 alio·

471 3240 555 3321 quin
595 3241 708 3324 ipsum
739 3263 781 3307 eo
813 3244 868 3307 die
900 3241 1072 3307 hostiliter
1102 3242 1281 3321 visitaret3
1325 3242 1417 3324 quod

471 3340 614 3405 audiens
637 3342 949 3418 rex'Franoorum‚
973 3361 1052 3405 cum
1078 3342 1181 3407 sciret
1200 3337 1317 3423 regem
1343 3339 1418 3406 An·

470 3439 616 3520 giorum.
637 3459 713 3504 esse
746 3440 1022 3523 potentissimum
1047 3447 1083 3505 et
1112 3441 1416 3516 animamarum,

469 3537 586 3620 fugam
616 3541 702 3604 inire
729 3539 845 3622 potius
873 3559 976 3623 quam
1008 3560 1164 3624 pugnare
1190 3538 1352 3614 decrevit,
1381 3548 1417 3604 et

468 3637 518 3702 sic
536 3658 558 3702 a
574 3639 661 3703 facie
677 3641 770 3721 regis
793 3638 988 3722 Anglorum
1005 3640 1140 3722 fugiens
1157 3639 1249 3704 intra
1263 3638 1416 3703 Galliam

466 3756 504 3800 se
520 3757 598 3802 cum
613 3739 833 3804 festinatione
850 3739 991 3823 recepit.

668 3997 671 4003 Ι
709 3910 758 3976 De
771 3909 961 3977 soboasiooe
975 3909 1181 3997 Leqeeestea'ae.

300 4051 396 4142 {regnor
515 4030 646 4096 Eodem
664 4051 767 4111 anno,
785 4033 906 4117 quinto
924 4053 1033 4099 nouas
1046 4031 1070 4097 J
1073 4033 1148 4111 ulii,
1162 4053 1243 4115 rege
1256 4033 1416 4118 jubente,

319 4103 413 4144 ‘'m''
464 4124 623 4196 obsessa²
640 4130 861 4214 Legecestria
883 4135 1021 4213 dicitur,
1043 4134 1195 4217 eoquod
1217 4152 1330 4197 comes
1353 4133 1415 4197 do-

498 4313 693 4381 ¹Eodemoano.]
705 4319 928 4380 Diceto,col.5⁷⁰;
988 4315 1108 4368 ’Obsessa
1120 4318 1296 4382 legecestria]
1314 4319 1416 4382 Diaeta,

462 4386 596 4448 Hoveden,
608 4391 665 4437 535.
953 4389 1001 4437 col.
1013 4391 1070 4438 6⁷2.
