3144 5180
432 553 497 618 324
687 559 824 614 nocant
850 568 896 613 nn
919 567 1127 616 wunnovna

349 757 352 762 Ι
435 796 549 862 Litora
564 795 742 862 Aleaaadri
751 818 847 882 pope
860 797 905 860 od
918 750 1124 873 Gilelartwm,
1134 773 1376 859 Londoaieasem

538 925 541 932 ⁴
819 915 1002 984 procopiam.

275 1044 329 1086 nn.
342 1043 398 1082 nes.
468 1077 470 1083 s
506 1019 638 1084 Eodem
677 1027 831 1100 tempore
865 1004 1023 1082 dominus
1056 1036 1149 1099 papa
1188 1013 1390 1079 Alexander

275 1095 389 1182 {iiiia
438 1119 578 1201 scripsit
595 1117 786 1194 Gileberto,
803 1117 1037 1181 Londoniensi
1053 1117 1229 1197 episcopo,
1247 1133 1309 1196 pro
1328 1131 1391 1174 ne-

276 1193 406 1232 ’ΝΜ
440 1219 536 1299 gotio
553 1216 811 1281 Cantuariensis
833 1214 999 1291 ecclesiae,
1014 1216 1050 1277 in
1072 1214 1146 1278 haec
1166 1214 1269 1277 verba
1281 1209 1298 1290 ;'
1314 1204 1387 1273 ¹‘A

277 1337 399 1377 areunae
440 1317 606 1380 memoria
633 1323 695 1378 tua
729 1335 796 1378 non
829 1314 999 1377 credimus
1025 1313 1209 1388 excidisse,
1238 1310 1390 1394 qualiter

279 1387 415 1481 'idithim
440 1415 639 1478 carissimus
661 1415 697 1476 in
724 1413 863 1478 Christo
888 1413 979 1476 filius
995 1418 1110 1477 vester
1133 1410 1321 1485 Henricus,
1343 1408 1388 1470 il-

279 1484 386 1576 bllll'l‘
441 1513 560 1576 lustris
583 1531 646 1576 rex
668 1511 875 1592 Anglorum,
898 1511 1009 1574 multa
1031 1530 1053 1574 a
1080 1511 1178 1573 nobis
1201 1509 1282 1573 olim
1310 1527 1390 1591 pre-

441 1631 518 1674 cum
533 1611 702 1674 instantia
716 1611 911 1693 requisivit,
929 1617 973 1673 ut
995 1611 1040 1674 ab
1063 1607 1311 1672 Heresordensi
1333 1625 1391 1670 ec-

442 1709 557 1786 clesia,
578 1709 635 1772 cui
655 1709 915 1790 praeeminebas,
933 1708 976 1772 de
995 1716 1030 1773 te
1053 1709 1089 1770 in
1114 1706 1390 1772 Londoniensem

443 1806 624 1871 ecclesiam
640 1806 902 1872 translationem
917 1808 991 1870 fieri
1006 1814 1213 1890 pateremur.
1263 1805 1312 1868 Ut
1329 1823 1390 1866 au-

443 1913 514 1970 tem
546 1923 620 1970 suae
650 1904 809 1986 petitioni
839 1914 995 1979 nostrum
1021 1925 1125 1988 super
1149 1905 1214 1969 hoc
1236 1903 1391 1986 imperti-

444 2024 560 2078 remur
581 2023 773 2082 assensum,
786 2005 1036 2070 ¹necessitatem
1049 2004 1281 2083 imminentem
1298 2001 1394 2085 pari-

445 2112 499 2169 ter
512 2112 548 2169 et
564 2105 752 2169 utilitatem
774 2105 1001 2189 proponebat,
1020 2122 1178 2167 asserens
1200 2102 1290 2184 quod
1307 2099 1393 2164 civi-

446 2209 501 2266 tas
524 2203 585 2267 illa
611 2204 711 2285 quasi
736 2204 832 2284 regia
854 2205 952 2268 sedes
968 2203 1163 2281 'existeret;
1185 2208 1232 2278 et,
1250 2201 1332 2283 quia
1355 2207 1394 2262 et

446 2302 622 2384 religionis
654 2310 690 2365 et
720 2303 936 2369 discretionis
965 2301 1094 2366 virtute
1121 2301 1396 2381 crederet'prae-

447 2401 607 2477 eminere,
613 2401 761 2465 consilio
772 2408 832 2474 tuo
843 2420 948 2484 super
962 2402 1028 2477 his,
1044 2420 1123 2482 quae
1136 2399 1242 2464 saluti
1259 2399 1394 2464 anima-

447 2518 523 2560 rum
551 2500 754 2580 expedirent
777 2500 878 2564 etad
899 2501 997 2582 regni
1020 2505 1243 2580 augmentum
1265 2497 1397 2580 pariter

447 2603 484 2660 et
503 2599 818 2661 ¹conservationem
851 2605 1063 2681 spectarent,
1091 2597 1328 2681 temporaliter
1357 2602 1396 2676 et

447 2695 672 2776 spiritualiter
685 2697 738 2760 uti
752 2696 901 2772 volebat,
918 2707 953 2760 et
970 2697 1050 2760 ideo
1060 2697 1176 2778 'magis
1197 2696 1392 2778 proximum

446 2797 482 2856 te
497 2793 714 2857 desiderabat
733 2794 871 2859 habere.
924 2795 1026 2858 Unde
1048 2796 1266 2858 attendentes
1289 2797 1394 2876 quam

448 2890 579 2955 utiliter
609 2892 792 2974 prudentia
817 2900 852 2957 et
876 2893 998 2976 religio
1021 2900 1083 2958 tua
1107 2894 1218 2968 saluti
1240 2893 1393 2977 ejusdem

447 2991 602 3070 regni'et
628 2991 719 3072 regis
741 3001 859 3074 posset
880 2993 1070 3068 consulere,
1089 3000 1136 3070 et,
1157 3001 1287 3075 quanta
1313 2991 1394 3055 inde

447 3088 564 3153 valeat
590 3090 815 3154 commoditas
838 3092 1032 3174 provenire,
1052 3086 1198 3157 libenter
1222 3091 1294 3155 suis
1316 3109 1397 3172 pre·

448 3187 544 3250 cibus
574 3188 812 3269 adquievimus
845 3197 881 3254 et
912 3198 947 3255 te
976 3191 1208 3254 concessimus
1240 3191 1276 3253 in
1303 3190 1397 3252 Lon-

448 3285 603 3350 doniensi
636 3287 797 3352 ecclesia
813 3291 1028 3370 promoveri;
1061 3290 1153 3354 unde
1179 3295 1310 3372 quanto
1336 3289 1398 3351 be-

448 3385 588 3466 nignius
612 3385 687 3469 ejus
713 3387 967 3468 beneplacitum
993 3395 1029 3452 et
1056 3388 1269 3453 voluntatem
1301 3407 1394 3452 com-

448 3483 619 3564 plevimus
645 3491 681 3548 et
707 3490 776 3547 tuae
799 3486 930 3567 pariter
954 3486 1159 3549 exaltationi
1186 3486 1394 3564 intendimus

448 3587 484 3644 et
503 3581 638 3658 honori,
662 3586 762 3646 tanto
781 3583 937 3665 probitas
958 3590 1021 3647 tua
1037 3585 1130 3649 circa
1147 3585 1394 3648 incrementum

448 3686 482 3742 et
499 3682 797 3744 conservationem
819 3682 973 3746 ecclesiae
994 3684 1142 3765 amplius
1156 3683 1295 3746 deberet
1310 3682 1394 3745 eniti

448 3785 483 3840 et
497 3779 664 3842 attentius
683 3779 774 3844 circa
788 3780 854 3844 hoc
870 3777 1041 3859 laborare,
1057 3788 1096 3845 ut
1116 3782 1275 3858 fructum,
1292 3800 1394 3864 quem

446 3875 535 3938 idem
549 3897 610 3940 rex
630 3877 729 3942 nobis
744 3880 933 3960 proposuit,
949 3887 986 3942 et
1004 3900 1067 3944 nos
1088 3899 1280 3962 speramus,
1297 3879 1395 3942 exhi-

446 3974 576 4042 bitione
597 3977 712 4058 operis
734 3983 770 4040 et
790 3976 866 4059 ipsa
885 3997 999 4041 rerum
1017 3979 1234 4061 experientia
1250 3997 1397 4059 cognos-

447 4091 576 4136 camus.
629 4074 812 4153 Quomodo
829 4083 944 4139 autem
959 4097 1022 4140 rex
1040 4077 1226 4159 praedictus
1246 4094 1268 4138 a
1290 4077 1396 4140 devo·

481 4251 521 4303 ¹1
545 4257 658 4304 numeria
679 4257 753 4318 tua]
787 4257 910 4319 Compare
935 4259 1076 4308 viiwbere
1092 4260 1113 4307 it
1128 4261 1151 4308 is
1167 4259 1243 4308 dated
1261 4260 1399 4322 clermont,

451 4323 583 4382 Hoveden,
595 4339 621 4385 p.
633 4328 679 4372 501
685 4359 692 4386 ,
701 4325 763 4373 with
781 4327 826 4375 lib.
838 4327 856 4375 i.
869 4342 910 4387 ep.
937 4327 995 4375 loth
1008 4329 1080 4388 July.
