3104 5186
182 691 185 698 “
279 709 335 750 nn.
347 713 402 754 roos.

280 761 366 811 lllrtory
376 765 400 802 01

439 528 504 592 144
694 542 829 590 uocum
853 542 900 588 nn
923 541 1130 590 wrunovnu

441 707 475 764 et
501 719 563 783 per
586 719 674 777 eam,
693 720 772 782 quae
799 700 856 764 hic
887 700 1130 782 peregrinatur
1158 699 1404 778 Hierusalem,

278 817 428 858 insomne..
440 799 485 863 ad
513 819 589 863 eam
610 801 826 882 perveniant,
848 799 948 883 cujus
972 807 1089 863 exstat
1110 800 1329 882 participatio
1359 801 1404 864 in

440 899 475 962 id
492 899 616 981 ipsum.
655 899 765 962 Porro
783 900 936 981 episcopi
954 906 989 962 et
1005 898 1212 976 sacerdotes
1228 899 1404 963 ecclesias

440 998 593 1062 civitatis
620 1005 655 1061 et
686 999 859 1080 proecipue
889 998 1010 1080 templi
1042 999 1208 1062 ambitum
1237 1017 1258 1061 a
1288 999 1405 1062 cada-

441 1098 580 1161 veribus
610 1098 800 1161 occisorum
831 1103 867 1160 et
896 1098 1054 1161 sordibus
1088 1097 1257 1162 universis
1290 1118 1401 1161 mun-

442 1196 577 1280 dantes,
594 1203 629 1261 et
644 1197 721 1260 loca
735 1195 946 1261 venerabilia
963 1196 1115 1261 Domino
1133 1204 1399 1274 consecranteS,

442 1302 478 1360 et
499 1315 599 1360 sacra
624 1297 805 1362 missarum
827 1295 994 1360 solemnia
1017 1296 1147 1379 populo
1177 1295 1400 1360 celebrantes

441 1413 505 1476 pro
534 1394 661 1459 collato
692 1395 758 1460 sibi
786 1395 964 1472 beneficio,
987 1397 1146 1459 omnibus
1172 1396 1303 1477 gratias
1328 1416 1400 1458 ex-

441 1493 617 1559 hibebant.
660 1493 769 1558 Visus
785 1500 838 1558 est
853 1503 968 1560 autem
983 1514 1025 1558 ea
1040 1494 1094 1558 die
1109 1494 1163 1559 vir
1180 1496 1215 1557 in
1231 1496 1398 1558 omnibus

442 1591 902 1671 commendabilisAimerus,
919 1594 1101 1658 Podiensis
1117 1594 1311 1676 episcopus,
1330 1596 1399 1676 qui

441 1692 533 1773 apud
561 1690 796 1770 Antiochiam,
823 1700 862 1756 ut
884 1694 1153 1777 praelibavimus,
1178 1693 1321 1769 obierat,
1354 1694 1398 1756 in

441 1797 564 1854 sancta
592 1792 733 1856 civitate
762 1811 785 1855 a
810 1792 940 1870 multis,
966 1793 1017 1857 ita
1041 1791 1133 1874 quod
1162 1793 1227 1856 viri
1251 1792 1397 1874 plurimi

441 1889 484 1953 de
514 1891 670 1976 exercitu
698 1890 765 1954 tide
789 1892 985 1973 dignissimi¹
1009 1912 1087 1955 eum
1118 1910 1222 1973 super
1253 1911 1395 1956 murum

441 1989 588 2071 primum
602 1990 754 2057 omnium
768 1992 929 2057 viderunt
950 1991 1148 2055 ascendisse
1166 1991 1329 2068 civitatis
1355 1999 1397 2058 et

441 2096 586 2154 caeteros
602 2091 646 2153 ad
662 2091 855 2172 ingressum
875 2092 1065 2170 animasse3
1093 2091 1152 2173 qui
1177 2092 1282 2154 etiam
1305 2111 1395 2154 ocu-

441 2188 484 2252 lis
499 2181 674 2272 corporeis
690 2180 728 2254 se
742 2191 855 2272 ipsum
875 2189 1003 2256 vidisse
1021 2196 1226 2267 asserentes
1252 2196 1287 2252 et
1310 2209 1395 2254 cum

440 2289 653 2371 principibus
683 2289 761 2352 loca
786 2298 908 2355 sancta
934 2291 1200 2354 circumeuntem
1226 2289 1395 2354 manifes-

441 2387 572 2451 tissime
602 2397 867 2471 conspexerunt.
920 2388 992 2453 Alii
1025 2396 1140 2453 autem
1170 2389 1299 2471 plures,
1328 2391 1395 2471 qui

439 2486 476 2549 in
502 2488 779 2569 peregrinatione
803 2489 896 2570 piam
924 2488 959 2552 iu
985 2487 1123 2552 Christo
1146 2487 1393 2552 dormitionem

438 2593 658 2668 acceperant,
682 2588 717 2650 in
738 2587 858 2652 eadem
883 2589 1025 2652 civitate
1042 2594 1277 2669 apparuerunt
1298 2589 1393 2651 mul-

441 2684 497 2761 tis,
514 2685 591 2748 loca
605 2693 728 2749 sancta
743 2705 820 2750 cum
835 2687 912 2750 aliis
926 2687 1146 2752 devotissime
1162 2688 1390 2769 requirentes,

438 2783 568 2852 Petrus
587 2804 725 2868 quoque
746 2787 913 2850 heremita
931 2787 1150 2862 venerabilis,
1171 2779 1249 2867 ¹qui
1264 2787 1393 2868 quinto

441 2890 545 2950 antea
559 2903 650 2948 anno
665 2886 797 2949 obierat
819 2886 908 2968 [sic],
926 2905 949 2950 a
968 2885 1167 2968 patriarcha
1183 2884 1334 2949 civitatis
1350 2895 1393 2952 et

441 2982 533 3050 clero
559 2985 755 3066 populoque
777 2985 868 3049 fideli
888 2987 984 3050 visus
1004 2985 1129 3061 iuerat,
1149 2991 1184 3047 et
1206 3003 1268 3066 per
1287 2984 1393 3067 cujus

439 3081 705 3148 sollicitudinem
725 3084 898 3166 principes
917 3084 1105 3149 occidentis
1120 3073 1164 3147 ad
1182 3084 1271 3146 hanc
1289 3103 1393 3166 pere-

440 3181 669 3262 grinationem
679 3183 812 3248 inducti
825 3185 1045 3260 exstiterant,
1057 3203 1135 3246 cum
1149 3190 1241 3246 esset
1251 3183 1353 3246 modo
1367 3203 1393 3248 a

440 3283 574 3347 cunctis
591 3284 802 3365 recognitus,
817 3283 918 3347 flexis
933 3285 1078 3365 genibus
1099 3289 1134 3346 et
1154 3302 1231 3346 cum
1249 3282 1393 3364 lachry-

439 3380 504 3444 mis
534 3381 631 3445 illum
663 3385 930 3461 venerabantur,
958 3383 1090 3463 gratias
1117 3383 1149 3445 ei
1180 3381 1392 3463 multiplices

438 3481 672 3557 exsolventes
688 3483 782 3563 quod
803 3490 875 3547 tam
890 3483 1011 3546 sedulo
1037 3489 1073 3546 et
1097 3480 1244 3545 fideliter
1267 3499 1392 3548 eorum

439 3580 646 3661 legationem
673 3580 787 3646 fuerat
810 3589 1009 3658 exsecutus
1031 3580 1191 3664 quodque
1214 3580 1392 3662 principes

440 3685 476 3742 ct
498 3699 605 3761 regna
627 3679 812 3744 induxerat
828 3681 871 3743 ad
890 3687 1007 3745 tantos
1021 3681 1157 3744 labores
1174 3697 1236 3761 pro
1256 3678 1391 3744 Christi

439 3780 576 3842 nomine
590 3779 799 3844 tolerandos.
852 3779 920 3842 His
936 3780 1044 3862 igitur
1054 3780 1212 3844 omnibus
1227 3779 1291 3842 rite
1308 3799 1392 3860 per-

438 3878 538 3954 actis,
564 3877 735 3960 principes
764 3878 809 3944 ad
835 3879 955 3944 domos
984 3886 1018 3942 et
1044 3879 1206 3960 hospitia,
1233 3896 1311 3960 quae
1334 3879 1391 3941 in-

437 3977 537 4044 terim
551 3979 601 4042 eis
617 3997 681 4041 sua
693 3977 824 4042 familia
841 3985 1110 4062 praeparaverat,
1122 3978 1251 4042 reversi
1266 3977 1390 4046 urbem

472 4202 479 4232 ¹
491 4205 542 4260 Qut
556 4206 667 4270 quinta]
684 4205 784 4257 ‘Quem
807 4209 908 4266 quarto
923 4209 980 4254 761.
992 4204 1045 4253 The
1054 4204 1228 4265 interpolation
1235 4202 1276 4251 of‘
1282 4202 1391 4253 obierat*

435 4276 476 4326 vel
491 4277 578 4336 quinto
593 4277 665 4337 prius
685 4291 750 4325 anno
767 4275 897 4324 incedent
922 4275 948 4322 in
960 4275 1002 4323 the
1014 4278 1068 4323 text
1079 4275 1101 4324 is
1113 4273 1240 4345 evidently
1252 4288 1268 4323 a
1283 4270 1390 4325 scribe's

435 4342 536 4393 civitate
554 4345 693 4408 videmur
711 4347 781 4395 Will.
793 4346 853 4407 Tyr.
870 4360 897 4407 p.
923 4359 999 4396 error.
