<?xml version="1.0" encoding="UTF-8"?>
<!DOCTYPE html PUBLIC "-//W3C//DTD XHTML 1.0 Transitional//EN"
    "http://www.w3.org/TR/xhtml1/DTD/xhtml1-transitional.dtd">
<html xmlns="http://www.w3.org/1999/xhtml" xml:lang="en" lang="en">
 <head>
  <title>
</title>
<meta http-equiv="Content-Type" content="text/html;charset=utf-8" />
  <meta name='ocr-system' content='tesseract 3.04.00' />
  <meta name='ocr-capabilities' content='ocr_page ocr_carea ocr_par ocr_line ocrx_word'/>
</head>
<body>
  <div class='ocr_page' id='page_1' title='image "./rogeridewendove07rogegoog_0088.png"; bbox 0 0 3104 5186; ppageno 0'>
   <div class='ocr_carea' id='block_1_1' title="bbox 401 551 1097 618">
    <p class='ocr_par' dir='ltr' id='par_1_1' title="bbox 401 551 1097 618">
     <span class='ocr_line' id='line_1_1' title="bbox 401 551 1097 618; baseline 0 -2"><span class='ocrx_word' id='word_1_1' title='bbox 401 563 832 618; x_wconf 71' lang='lat' dir='ltr'><strong>rnonns&#39;ursromsnuu.</strong></span> <span class='ocrx_word' id='word_1_2' title='bbox 1049 551 1097 616; x_wconf 68' lang='grc'><strong>77</strong></span> 
     </span>
    </p>
   </div>
   <div class='ocr_carea' id='block_1_2' title="bbox 136 719 1226 835">
    <p class='ocr_par' dir='ltr' id='par_1_2' title="bbox 136 719 1226 835">
     <span class='ocr_line' id='line_1_2' title="bbox 136 719 1226 835; baseline -0.002 -46"><span class='ocrx_word' id='word_1_3' title='bbox 136 726 251 790; x_wconf 85' lang='lat' dir='ltr'><strong>lenter</strong></span> <span class='ocrx_word' id='word_1_4' title='bbox 262 719 478 810; x_wconf 61' lang='lat' dir='ltr'><strong>&#39;occupantes</strong></span> <span class='ocrx_word' id='word_1_5' title='bbox 503 733 538 791; x_wconf 92' lang='lat' dir='ltr'><strong>et</strong></span> <span class='ocrx_word' id='word_1_6' title='bbox 553 725 700 791; x_wconf 78' lang='lat' dir='ltr'><strong>aedificia</strong></span> <span class='ocrx_word' id='word_1_7' title='bbox 721 721 802 809; x_wconf 86' lang='lat' dir='ltr'><strong>igne</strong></span> <span class='ocrx_word' id='word_1_8' title='bbox 821 726 1090 808; x_wconf 84' lang='lat' dir='ltr'><strong>conflagrantes,</strong></span> <span class='ocrx_word' id='word_1_9' title='bbox 1102 735 1226 835; x_wconf 50' lang='lat' dir='ltr'><strong>mm·</strong></span> 
     </span>
    </p>
   </div>
   <div class='ocr_carea' id='block_1_3' title="bbox 134 825 1253 988">
    <p class='ocr_par' dir='ltr' id='par_1_3' title="bbox 134 825 1253 988">
     <span class='ocr_line' id='line_1_3' title="bbox 134 825 1253 910; baseline -0.005 -20"><span class='ocrx_word' id='word_1_10' title='bbox 134 826 294 906; x_wconf 75' lang='lat' dir='ltr'><strong>praedam</strong></span> <span class='ocrx_word' id='word_1_11' title='bbox 307 827 510 890; x_wconf 84' lang='lat' dir='ltr'><strong>immensam</strong></span> <span class='ocrx_word' id='word_1_12' title='bbox 524 833 560 890; x_wconf 92' lang='lat' dir='ltr'><strong>et</strong></span> <span class='ocrx_word' id='word_1_13' title='bbox 574 827 690 909; x_wconf 91' lang='lat' dir='ltr'><strong>opima</strong></span> <span class='ocrx_word' id='word_1_14' title='bbox 705 827 787 891; x_wconf 89' lang='lat' dir='ltr'><strong>iude</strong></span> <span class='ocrx_word' id='word_1_15' title='bbox 809 827 921 910; x_wconf 87' lang='lat' dir='ltr'><strong>spolia</strong></span> <span class='ocrx_word' id='word_1_16' title='bbox 935 825 1090 890; x_wconf 88' lang='lat' dir='ltr'><strong>ahstule-</strong></span> <span class='ocrx_word' id='word_1_17' title='bbox 1101 835 1253 876; x_wconf 65' lang='lat' dir='ltr'><strong>thecuam</strong></span> 
     </span>
     <span class='ocr_line' id='line_1_4' title="bbox 137 932 236 988; baseline 0.03 -3"><span class='ocrx_word' id='word_1_18' title='bbox 137 932 236 988; x_wconf 89' lang='lat' dir='ltr'><strong>runt.</strong></span> 
     </span>
    </p>
   </div>
   <div class='ocr_carea' id='block_1_4' title="bbox 299 1080 938 1168">
    <p class='ocr_par' dir='ltr' id='par_1_4' title="bbox 299 1080 938 1168">
     <span class='ocr_line' id='line_1_5' title="bbox 299 1080 938 1168; baseline 0.003 -24"><span class='ocrx_word' id='word_1_19' title='bbox 299 1081 350 1145; x_wconf 80' lang='lat' dir='ltr'><strong>De</strong></span> <span class='ocrx_word' id='word_1_20' title='bbox 360 1082 611 1168; x_wconf 72' lang='lat' dir='ltr'><strong>peregrinatione</strong></span> <span class='ocrx_word' id='word_1_21' title='bbox 626 1081 745 1148; x_wconf 76' lang='lat' dir='ltr'><strong>comitis</strong></span> <span class='ocrx_word' id='word_1_22' title='bbox 764 1080 938 1146; x_wconf 75' lang='lat' dir='ltr'><strong>lholosoua‘.</strong></span> 
     </span>
    </p>
   </div>
   <div class='ocr_carea' id='block_1_5' title="bbox 135 1203 1247 3944">
    <p class='ocr_par' dir='ltr' id='par_1_5' title="bbox 135 1203 1247 3944">
     <span class='ocr_line' id='line_1_6' title="bbox 188 1203 1247 1291; baseline 0.004 -25"><span class='ocrx_word' id='word_1_23' title='bbox 188 1203 378 1274; x_wconf 86' lang='lat' dir='ltr'><strong>Subsecuti</strong></span> <span class='ocrx_word' id='word_1_24' title='bbox 411 1213 493 1270; x_wconf 91' lang='lat' dir='ltr'><strong>sunt</strong></span> <span class='ocrx_word' id='word_1_25' title='bbox 521 1207 720 1291; x_wconf 85' lang='lat' dir='ltr'><strong>peregrinos</strong></span> <span class='ocrx_word' id='word_1_26' title='bbox 757 1207 942 1290; x_wconf 79' lang='lat' dir='ltr'><strong>praedictos</strong></span> <span class='ocrx_word' id='word_1_27' title='bbox 976 1224 1092 1270; x_wconf 86' lang='lat' dir='ltr'><strong>comes</strong></span> <span class='ocrx_word' id='word_1_28' title='bbox 1103 1229 1247 1280; x_wconf 64' lang='lat' dir='ltr'><strong>amantor</strong></span> 
     </span>
     <span class='ocr_line' id='line_1_7' title="bbox 135 1281 1216 1389; baseline 0.005 -24"><span class='ocrx_word' id='word_1_29' title='bbox 135 1301 362 1369; x_wconf 83' lang='lat' dir='ltr'><strong>Tholosanus</strong></span> <span class='ocrx_word' id='word_1_30' title='bbox 380 1298 614 1384; x_wconf 90' lang='lat' dir='ltr'><strong>¹Ramundus,</strong></span> <span class='ocrx_word' id='word_1_31' title='bbox 641 1313 676 1370; x_wconf 91' lang='lat' dir='ltr'><strong>et</strong></span> <span class='ocrx_word' id='word_1_32' title='bbox 698 1306 882 1389; x_wconf 87' lang='lat' dir='ltr'><strong>episcopus</strong></span> <span class='ocrx_word' id='word_1_33' title='bbox 908 1281 1216 1370; x_wconf 45' lang='grc' dir='ltr'><strong>Ροᾱὶθιηίιᾱ·ΜΝΙ</strong></span> 
     </span>
     <span class='ocr_line' id='line_1_8' title="bbox 138 1399 1092 1486; baseline 0.002 -20"><span class='ocrx_word' id='word_1_34' title='bbox 138 1399 319 1480; x_wconf 75' lang='lat' dir='ltr'><strong>AimeruS,</strong></span> <span class='ocrx_word' id='word_1_35' title='bbox 343 1403 380 1466; x_wconf 92' lang='lat' dir='ltr'><strong>in</strong></span> <span class='ocrx_word' id='word_1_36' title='bbox 410 1407 586 1486; x_wconf 77' lang='lat' dir='ltr'><strong>negotium</strong></span> <span class='ocrx_word' id='word_1_37' title='bbox 612 1404 781 1470; x_wconf 86' lang='lat' dir='ltr'><strong>crucifixi.</strong></span> <span class='ocrx_word' id='word_1_38' title='bbox 833 1405 944 1468; x_wconf 82' lang='lat' dir='ltr'><strong>Erant</strong></span> <span class='ocrx_word' id='word_1_39' title='bbox 975 1412 1092 1468; x_wconf 87' lang='lat' dir='ltr'><strong>autem</strong></span> 
     </span>
     <span class='ocr_line' id='line_1_9' title="bbox 137 1502 1091 1586; baseline 0.003 -22"><span class='ocrx_word' id='word_1_40' title='bbox 137 1521 220 1564; x_wconf 90' lang='lat' dir='ltr'><strong>cum</strong></span> <span class='ocrx_word' id='word_1_41' title='bbox 238 1502 338 1564; x_wconf 88' lang='lat' dir='ltr'><strong>eisin</strong></span> <span class='ocrx_word' id='word_1_42' title='bbox 353 1511 457 1584; x_wconf 86' lang='lat' dir='ltr'><strong>gente</strong></span> <span class='ocrx_word' id='word_1_43' title='bbox 483 1524 547 1568; x_wconf 90' lang='lat' dir='ltr'><strong>sua</strong></span> <span class='ocrx_word' id='word_1_44' title='bbox 561 1505 627 1569; x_wconf 83' lang='lat' dir='ltr'><strong>viri</strong></span> <span class='ocrx_word' id='word_1_45' title='bbox 649 1505 785 1586; x_wconf 87' lang='lat' dir='ltr'><strong>generis</strong></span> <span class='ocrx_word' id='word_1_46' title='bbox 808 1503 979 1586; x_wconf 87' lang='lat' dir='ltr'><strong>praeclari,</strong></span> <span class='ocrx_word' id='word_1_47' title='bbox 1002 1503 1091 1570; x_wconf 89' lang='lat' dir='ltr'><strong>Wil-</strong></span> 
     </span>
     <span class='ocr_line' id='line_1_10' title="bbox 136 1599 1099 1687; baseline 0.006 -25"><span class='ocrx_word' id='word_1_48' title='bbox 136 1599 278 1678; x_wconf 75' lang='lat' dir='ltr'><strong>lelmuS,</strong></span> <span class='ocrx_word' id='word_1_49' title='bbox 302 1599 523 1667; x_wconf 83' lang='lat' dir='ltr'><strong>Aurasiensis</strong></span> <span class='ocrx_word' id='word_1_50' title='bbox 555 1604 750 1687; x_wconf 64' lang='lat' dir='ltr'><strong>episcopus</strong></span> <span class='ocrx_word' id='word_1_51' title='bbox 780 1610 816 1667; x_wconf 90' lang='lat' dir='ltr'><strong>et</strong></span> <span class='ocrx_word' id='word_1_52' title='bbox 844 1623 959 1668; x_wconf 90' lang='lat' dir='ltr'><strong>comes</strong></span> <span class='ocrx_word' id='word_1_53' title='bbox 984 1603 1099 1668; x_wconf 55' lang='lat' dir='ltr'><strong>sain-2</strong></span> 
     </span>
     <span class='ocr_line' id='line_1_11' title="bbox 136 1699 1094 1780; baseline 0.005 -18"><span class='ocrx_word' id='word_1_54' title='bbox 136 1699 279 1777; x_wconf 89' lang='lat' dir='ltr'><strong>baldus,</strong></span> <span class='ocrx_word' id='word_1_55' title='bbox 296 1699 453 1765; x_wconf 86' lang='lat' dir='ltr'><strong>Gaustns</strong></span> <span class='ocrx_word' id='word_1_56' title='bbox 476 1702 519 1768; x_wconf 93' lang='lat' dir='ltr'><strong>de</strong></span> <span class='ocrx_word' id='word_1_57' title='bbox 536 1703 692 1780; x_wconf 85' lang='lat' dir='ltr'><strong>Bediers,</strong></span> <span class='ocrx_word' id='word_1_58' title='bbox 710 1700 880 1766; x_wconf 87' lang='lat' dir='ltr'><strong>Girardus</strong></span> <span class='ocrx_word' id='word_1_59' title='bbox 896 1701 939 1765; x_wconf 90' lang='lat' dir='ltr'><strong>de</strong></span> <span class='ocrx_word' id='word_1_60' title='bbox 954 1701 1094 1768; x_wconf 77' lang='lat' dir='ltr'><strong>Rossil-‘</strong></span> 
     </span>
     <span class='ocr_line' id='line_1_12' title="bbox 138 1797 1090 1878; baseline 0.003 -18"><span class='ocrx_word' id='word_1_61' title='bbox 138 1797 216 1874; x_wconf 91' lang='lat' dir='ltr'><strong>lun,</strong></span> <span class='ocrx_word' id='word_1_62' title='bbox 231 1799 427 1864; x_wconf 86' lang='lat' dir='ltr'><strong>Willelmus</strong></span> <span class='ocrx_word' id='word_1_63' title='bbox 452 1801 494 1864; x_wconf 92' lang='lat' dir='ltr'><strong>de</strong></span> <span class='ocrx_word' id='word_1_64' title='bbox 520 1801 642 1865; x_wconf 82' lang='lat' dir='ltr'><strong>Monte</strong></span> <span class='ocrx_word' id='word_1_65' title='bbox 668 1801 873 1878; x_wconf 89' lang='lat' dir='ltr'><strong>Pessulano,</strong></span> <span class='ocrx_word' id='word_1_66' title='bbox 893 1800 1090 1866; x_wconf 89' lang='lat' dir='ltr'><strong>Willelmus</strong></span> 
     </span>
     <span class='ocr_line' id='line_1_13' title="bbox 138 1898 1097 1977; baseline 0.002 -17"><span class='ocrx_word' id='word_1_67' title='bbox 138 1916 256 1962; x_wconf 91' lang='lat' dir='ltr'><strong>comes</strong></span> <span class='ocrx_word' id='word_1_68' title='bbox 272 1898 447 1977; x_wconf 85' lang='lat' dir='ltr'><strong>Forensis,</strong></span> <span class='ocrx_word' id='word_1_69' title='bbox 466 1899 682 1966; x_wconf 89' lang='lat' dir='ltr'><strong>Reimundus</strong></span> <span class='ocrx_word' id='word_1_70' title='bbox 701 1899 816 1976; x_wconf 79' lang='lat' dir='ltr'><strong>Peleu,</strong></span> <span class='ocrx_word' id='word_1_71' title='bbox 833 1899 1032 1965; x_wconf 88' lang='lat' dir='ltr'><strong>Gantonius</strong></span> <span class='ocrx_word' id='word_1_72' title='bbox 1047 1899 1097 1963; x_wconf 84' lang='lat' dir='ltr'><strong>de·</strong></span> 
     </span>
     <span class='ocr_line' id='line_1_14' title="bbox 140 1996 1091 2077; baseline 0.003 -18"><span class='ocrx_word' id='word_1_73' title='bbox 140 1996 226 2072; x_wconf 89' lang='lat' dir='ltr'><strong>Bar,</strong></span> <span class='ocrx_word' id='word_1_74' title='bbox 241 1996 439 2062; x_wconf 90' lang='lat' dir='ltr'><strong>Willelmus</strong></span> <span class='ocrx_word' id='word_1_75' title='bbox 455 1996 636 2077; x_wconf 89' lang='lat' dir='ltr'><strong>Amanen;</strong></span> <span class='ocrx_word' id='word_1_76' title='bbox 660 1999 723 2064; x_wconf 87' lang='lat' dir='ltr'><strong>hos</strong></span> <span class='ocrx_word' id='word_1_77' title='bbox 748 2000 859 2064; x_wconf 88' lang='lat' dir='ltr'><strong>secuti</strong></span> <span class='ocrx_word' id='word_1_78' title='bbox 884 2004 965 2063; x_wconf 89' lang='lat' dir='ltr'><strong>sunt</strong></span> <span class='ocrx_word' id='word_1_79' title='bbox 981 1997 1091 2062; x_wconf 86' lang='lat' dir='ltr'><strong>Gothi</strong></span> 
     </span>
     <span class='ocr_line' id='line_1_15' title="bbox 139 2095 1099 2182; baseline 0.002 -24"><span class='ocrx_word' id='word_1_80' title='bbox 139 2103 176 2159; x_wconf 88' lang='lat' dir='ltr'><strong>ct</strong></span> <span class='ocrx_word' id='word_1_81' title='bbox 198 2095 405 2174; x_wconf 88' lang='lat' dir='ltr'><strong>Wasconcs,</strong></span> <span class='ocrx_word' id='word_1_82' title='bbox 430 2099 685 2182; x_wconf 88' lang='lat' dir='ltr'><strong>etquicunque</strong></span> <span class='ocrx_word' id='word_1_83' title='bbox 716 2117 817 2162; x_wconf 92' lang='lat' dir='ltr'><strong>cruce</strong></span> <span class='ocrx_word' id='word_1_84' title='bbox 845 2097 974 2180; x_wconf 82' lang='lat' dir='ltr'><strong>signati</strong></span> <span class='ocrx_word' id='word_1_85' title='bbox 1000 2097 1099 2161; x_wconf 48' lang='lat' dir='ltr'><strong>inter¹</strong></span> 
     </span>
     <span class='ocr_line' id='line_1_16' title="bbox 140 2185 1091 2278; baseline 0.002 -20"><span class='ocrx_word' id='word_1_86' title='bbox 140 2185 351 2278; x_wconf 85' lang='lat' dir='ltr'><strong>Pyrenaeum</strong></span> <span class='ocrx_word' id='word_1_87' title='bbox 380 2203 416 2260; x_wconf 91' lang='lat' dir='ltr'><strong>et</strong></span> <span class='ocrx_word' id='word_1_88' title='bbox 441 2195 551 2278; x_wconf 88' lang='lat' dir='ltr'><strong>Alpes</strong></span> <span class='ocrx_word' id='word_1_89' title='bbox 582 2197 830 2261; x_wconf 86' lang='lat' dir='ltr'><strong>diffunduntur.</strong></span> <span class='ocrx_word' id='word_1_90' title='bbox 877 2196 940 2260; x_wconf 86' lang='lat' dir='ltr'><strong>¹Hi</strong></span> <span class='ocrx_word' id='word_1_91' title='bbox 971 2215 1091 2260; x_wconf 89' lang='lat' dir='ltr'><strong>omues</strong></span> 
     </span>
     <span class='ocr_line' id='line_1_17' title="bbox 139 2293 1098 2379; baseline 0 -23"><span class='ocrx_word' id='word_1_92' title='bbox 139 2293 305 2375; x_wconf 84' lang='lat' dir='ltr'><strong>praefatos</strong></span> <span class='ocrx_word' id='word_1_93' title='bbox 329 2296 577 2379; x_wconf 85' lang='lat' dir='ltr'><strong>subsequentes</strong></span> <span class='ocrx_word' id='word_1_94' title='bbox 604 2315 706 2361; x_wconf 87' lang='lat' dir='ltr'><strong>cruce</strong></span> <span class='ocrx_word' id='word_1_95' title='bbox 732 2297 901 2378; x_wconf 87' lang='lat' dir='ltr'><strong>signatos,</strong></span> <span class='ocrx_word' id='word_1_96' title='bbox 927 2315 990 2378; x_wconf 89' lang='lat' dir='ltr'><strong>per</strong></span> <span class='ocrx_word' id='word_1_97' title='bbox 1016 2294 1098 2360; x_wconf 66' lang='lat' dir='ltr'><strong>Ita-„</strong></span> 
     </span>
     <span class='ocr_line' id='line_1_18' title="bbox 139 2392 1090 2478; baseline 0.005 -23"><span class='ocrx_word' id='word_1_98' title='bbox 139 2392 221 2456; x_wconf 92' lang='lat' dir='ltr'><strong>liam</strong></span> <span class='ocrx_word' id='word_1_99' title='bbox 234 2401 271 2458; x_wconf 89' lang='lat' dir='ltr'><strong>et</strong></span> <span class='ocrx_word' id='word_1_100' title='bbox 288 2393 544 2474; x_wconf 90' lang='lat' dir='ltr'><strong>Lumbardiam,</strong></span> <span class='ocrx_word' id='word_1_101' title='bbox 559 2403 596 2460; x_wconf 90' lang='lat' dir='ltr'><strong>et</strong></span> <span class='ocrx_word' id='word_1_102' title='bbox 609 2415 672 2477; x_wconf 87' lang='lat' dir='ltr'><strong>per</strong></span> <span class='ocrx_word' id='word_1_103' title='bbox 684 2395 858 2477; x_wconf 77' lang='lat' dir='ltr'><strong>regionem</strong></span> <span class='ocrx_word' id='word_1_104' title='bbox 870 2414 949 2478; x_wconf 84' lang='lat' dir='ltr'><strong>quae</strong></span> <span class='ocrx_word' id='word_1_105' title='bbox 961 2395 1090 2460; x_wconf 88' lang='lat' dir='ltr'><strong>Forum</strong></span> 
     </span>
     <span class='ocr_line' id='line_1_19' title="bbox 140 2491 1089 2572; baseline 0.002 -17"><span class='ocrx_word' id='word_1_106' title='bbox 140 2491 227 2555; x_wconf 87' lang='lat' dir='ltr'><strong>Julii</strong></span> <span class='ocrx_word' id='word_1_107' title='bbox 254 2491 393 2569; x_wconf 91' lang='lat' dir='ltr'><strong>dicitur,</strong></span> <span class='ocrx_word' id='word_1_108' title='bbox 414 2494 450 2556; x_wconf 90' lang='lat' dir='ltr'><strong>in</strong></span> <span class='ocrx_word' id='word_1_109' title='bbox 474 2493 659 2572; x_wconf 80' lang='lat' dir='ltr'><strong>Histriam,</strong></span> <span class='ocrx_word' id='word_1_110' title='bbox 678 2501 714 2558; x_wconf 92' lang='lat' dir='ltr'><strong>et</strong></span> <span class='ocrx_word' id='word_1_111' title='bbox 729 2495 869 2558; x_wconf 89' lang='lat' dir='ltr'><strong>tandem</strong></span> <span class='ocrx_word' id='word_1_112' title='bbox 890 2494 925 2559; x_wconf 92' lang='lat' dir='ltr'><strong>in</strong></span> <span class='ocrx_word' id='word_1_113' title='bbox 945 2493 1089 2560; x_wconf 84' lang='lat' dir='ltr'><strong>Dalma-</strong></span> 
     </span>
     <span class='ocr_line' id='line_1_20' title="bbox 140 2591 1089 2676; baseline 0.001 -22"><span class='ocrx_word' id='word_1_114' title='bbox 140 2591 223 2655; x_wconf 85' lang='lat' dir='ltr'><strong>tiam</strong></span> <span class='ocrx_word' id='word_1_115' title='bbox 241 2591 503 2658; x_wconf 83' lang='lat' dir='ltr'><strong>descende&#39;runt.</strong></span> <span class='ocrx_word' id='word_1_116' title='bbox 549 2592 706 2676; x_wconf 86' lang='lat' dir='ltr'><strong>Cumque</strong></span> <span class='ocrx_word' id='word_1_117' title='bbox 720 2612 782 2675; x_wconf 88' lang='lat' dir='ltr'><strong>per</strong></span> <span class='ocrx_word' id='word_1_118' title='bbox 797 2593 870 2657; x_wconf 88' lang='lat' dir='ltr'><strong>dies</strong></span> <span class='ocrx_word' id='word_1_119' title='bbox 886 2594 987 2675; x_wconf 87' lang='lat' dir='ltr'><strong>quasi</strong></span> <span class='ocrx_word' id='word_1_120' title='bbox 1002 2610 1089 2675; x_wconf 93' lang='lat' dir='ltr'><strong>qua·</strong></span> 
     </span>
     <span class='ocr_line' id='line_1_21' title="bbox 142 2688 1090 2774; baseline 0.005 -23"><span class='ocrx_word' id='word_1_121' title='bbox 142 2688 307 2772; x_wconf 83' lang='lat' dir='ltr'><strong>draginta</strong></span> <span class='ocrx_word' id='word_1_122' title='bbox 318 2710 454 2755; x_wconf 90' lang='lat' dir='ltr'><strong>omnem</strong></span> <span class='ocrx_word' id='word_1_123' title='bbox 468 2692 681 2756; x_wconf 86' lang='lat' dir='ltr'><strong>Dalmatiam</strong></span> <span class='ocrx_word' id='word_1_124' title='bbox 697 2692 807 2757; x_wconf 91' lang='lat' dir='ltr'><strong>multo</strong></span> <span class='ocrx_word' id='word_1_125' title='bbox 820 2693 1090 2774; x_wconf 84' lang='lat' dir='ltr'><strong>pertransissent</strong></span> 
     </span>
     <span class='ocr_line' id='line_1_22' title="bbox 141 2789 1089 2880; baseline 0.001 -28"><span class='ocrx_word' id='word_1_126' title='bbox 141 2789 313 2880; x_wconf 81' lang='lat' dir='ltr'><strong>periculo,</strong></span> <span class='ocrx_word' id='word_1_127' title='bbox 325 2789 464 2854; x_wconf 91' lang='lat' dir='ltr'><strong>demum</strong></span> <span class='ocrx_word' id='word_1_128' title='bbox 488 2791 720 2874; x_wconf 87' lang='lat' dir='ltr'><strong>Dyrrachium</strong></span> <span class='ocrx_word' id='word_1_129' title='bbox 746 2799 978 2873; x_wconf 87' lang='lat' dir='ltr'><strong>pervenerunt</strong></span> <span class='ocrx_word' id='word_1_130' title='bbox 989 2797 1003 2870; x_wconf 86' lang='grc' dir='ltr'><strong>;Ι</strong></span> <span class='ocrx_word' id='word_1_131' title='bbox 1030 2791 1089 2854; x_wconf 91' lang='lat' dir='ltr'><strong>ubi</strong></span> 
     </span>
     <span class='ocr_line' id='line_1_23' title="bbox 140 2888 1089 2973; baseline 0.002 -23"><span class='ocrx_word' id='word_1_132' title='bbox 140 2895 175 2952; x_wconf 91' lang='lat' dir='ltr'><strong>et</strong></span> <span class='ocrx_word' id='word_1_133' title='bbox 188 2907 307 2954; x_wconf 91' lang='lat' dir='ltr'><strong>comes</strong></span> <span class='ocrx_word' id='word_1_134' title='bbox 323 2888 432 2954; x_wconf 86' lang='lat' dir='ltr'><strong>literis</strong></span> <span class='ocrx_word' id='word_1_135' title='bbox 449 2890 667 2973; x_wconf 87' lang='lat' dir='ltr'><strong>imperatoris</strong></span> <span class='ocrx_word' id='word_1_136' title='bbox 684 2888 898 2955; x_wconf 81' lang='lat' dir='ltr'><strong>exhilaratus</strong></span> <span class='ocrx_word' id='word_1_137' title='bbox 922 2891 988 2955; x_wconf 91' lang='lat' dir='ltr'><strong>iter</strong></span> <span class='ocrx_word' id='word_1_138' title='bbox 1005 2890 1089 2953; x_wconf 83' lang='lat' dir='ltr'><strong>arri-</strong></span> 
     </span>
     <span class='ocr_line' id='line_1_24' title="bbox 140 2988 1098 3072; baseline 0.001 -22"><span class='ocrx_word' id='word_1_139' title='bbox 140 2988 226 3067; x_wconf 89' lang='lat' dir='ltr'><strong>puit,</strong></span> <span class='ocrx_word' id='word_1_140' title='bbox 242 2989 519 3072; x_wconf 86' lang='lat' dir='ltr'><strong>transcursisque</strong></span> <span class='ocrx_word' id='word_1_141' title='bbox 535 2990 709 3054; x_wconf 85' lang='lat' dir='ltr'><strong>montibus</strong></span> <span class='ocrx_word' id='word_1_142' title='bbox 724 2995 760 3054; x_wconf 93' lang='lat' dir='ltr'><strong>et</strong></span> <span class='ocrx_word' id='word_1_143' title='bbox 773 2989 871 3053; x_wconf 87' lang='lat' dir='ltr'><strong>silvis</strong></span> <span class='ocrx_word' id='word_1_144' title='bbox 880 2997 916 3054; x_wconf 93' lang='lat' dir='ltr'><strong>et</strong></span> <span class='ocrx_word' id='word_1_145' title='bbox 927 2990 1098 3070; x_wconf 85' lang='lat' dir='ltr'><strong>universa</strong></span> 
     </span>
     <span class='ocr_line' id='line_1_25' title="bbox 142 3085 1089 3170; baseline 0.003 -22"><span class='ocrx_word' id='word_1_146' title='bbox 142 3085 365 3168; x_wconf 76' lang='lat' dir='ltr'><strong>Epis-ntorum</strong></span> <span class='ocrx_word' id='word_1_147' title='bbox 381 3088 532 3168; x_wconf 88' lang='lat' dir='ltr'><strong>regione,</strong></span> <span class='ocrx_word' id='word_1_148' title='bbox 549 3088 686 3152; x_wconf 91' lang='lat' dir='ltr'><strong>demum</strong></span> <span class='ocrx_word' id='word_1_149' title='bbox 700 3089 737 3151; x_wconf 92' lang='lat' dir='ltr'><strong>in</strong></span> <span class='ocrx_word' id='word_1_150' title='bbox 754 3105 896 3170; x_wconf 87' lang='lat' dir='ltr'><strong>pagum,</strong></span> <span class='ocrx_word' id='word_1_151' title='bbox 912 3089 968 3152; x_wconf 91' lang='lat' dir='ltr'><strong>cui</strong></span> <span class='ocrx_word' id='word_1_152' title='bbox 985 3087 1089 3151; x_wconf 89' lang='lat' dir='ltr'><strong>Pela-</strong></span> 
     </span>
     <span class='ocr_line' id='line_1_26' title="bbox 141 3186 1089 3270; baseline 0.001 -22"><span class='ocrx_word' id='word_1_153' title='bbox 141 3186 247 3266; x_wconf 86' lang='lat' dir='ltr'><strong>gonia</strong></span> <span class='ocrx_word' id='word_1_154' title='bbox 269 3205 395 3249; x_wconf 87' lang='lat' dir='ltr'><strong>nomen</strong></span> <span class='ocrx_word' id='word_1_155' title='bbox 417 3195 482 3263; x_wconf 86' lang='lat' dir='ltr'><strong>est,</strong></span> <span class='ocrx_word' id='word_1_156' title='bbox 510 3188 618 3270; x_wconf 85' lang='lat' dir='ltr'><strong>copiis</strong></span> <span class='ocrx_word' id='word_1_157' title='bbox 643 3187 801 3251; x_wconf 88' lang='lat' dir='ltr'><strong>omnihus</strong></span> <span class='ocrx_word' id='word_1_158' title='bbox 829 3187 1089 3263; x_wconf 86' lang='lat' dir='ltr'><strong>redundantem,</strong></span> 
     </span>
     <span class='ocr_line' id='line_1_27' title="bbox 141 3285 1101 3365; baseline 0.003 -20"><span class='ocrx_word' id='word_1_159' title='bbox 141 3285 294 3348; x_wconf 91' lang='lat' dir='ltr'><strong>tentoria</strong></span> <span class='ocrx_word' id='word_1_160' title='bbox 333 3291 560 3365; x_wconf 67' lang='lat' dir='ltr'><strong>statuerunt:</strong></span> <span class='ocrx_word' id='word_1_161' title='bbox 597 3287 657 3349; x_wconf 92' lang='lat' dir='ltr'><strong>uhi</strong></span> <span class='ocrx_word' id='word_1_162' title='bbox 694 3293 772 3349; x_wconf 85' lang='lat' dir='ltr'><strong>cum</strong></span> <span class='ocrx_word' id='word_1_163' title='bbox 803 3285 852 3349; x_wconf 92' lang='lat' dir='ltr'><strong>ihi</strong></span> <span class='ocrx_word' id='word_1_164' title='bbox 883 3285 1101 3350; x_wconf 84' lang='lat' dir='ltr'><strong>venerabilis.</strong></span> 
     </span>
     <span class='ocr_line' id='line_1_28' title="bbox 141 3381 1089 3466; baseline 0.005 -23"><span class='ocrx_word' id='word_1_165' title='bbox 141 3381 324 3448; x_wconf 87' lang='lat' dir='ltr'><strong>Podiensis</strong></span> <span class='ocrx_word' id='word_1_166' title='bbox 356 3383 538 3466; x_wconf 86' lang='lat' dir='ltr'><strong>episcopus</strong></span> <span class='ocrx_word' id='word_1_167' title='bbox 563 3385 702 3466; x_wconf 81' lang='lat' dir='ltr'><strong>longius</strong></span> <span class='ocrx_word' id='word_1_168' title='bbox 733 3404 756 3448; x_wconf 87' lang='lat' dir='ltr'><strong>a</strong></span> <span class='ocrx_word' id='word_1_169' title='bbox 789 3385 913 3448; x_wconf 85' lang='lat' dir='ltr'><strong>castris</strong></span> <span class='ocrx_word' id='word_1_170' title='bbox 940 3384 1089 3448; x_wconf 88' lang='lat' dir='ltr'><strong>tentoria</strong></span> 
     </span>
     <span class='ocr_line' id='line_1_29' title="bbox 142 3479 1088 3564; baseline 0.004 -22"><span class='ocrx_word' id='word_1_171' title='bbox 142 3479 231 3558; x_wconf 88' lang='lat' dir='ltr'><strong>fixit,</strong></span> <span class='ocrx_word' id='word_1_172' title='bbox 247 3481 446 3563; x_wconf 87' lang='lat' dir='ltr'><strong>hospitandi</strong></span> <span class='ocrx_word' id='word_1_173' title='bbox 467 3484 710 3548; x_wconf 89' lang='lat' dir='ltr'><strong>commoditate</strong></span> <span class='ocrx_word' id='word_1_174' title='bbox 732 3483 869 3560; x_wconf 75' lang='lat' dir='ltr'><strong>ductuS,</strong></span> <span class='ocrx_word' id='word_1_175' title='bbox 887 3502 908 3546; x_wconf 93' lang='lat' dir='ltr'><strong>a</strong></span> <span class='ocrx_word' id='word_1_176' title='bbox 924 3483 1088 3564; x_wconf 88' lang='lat' dir='ltr'><strong>Bulgaris</strong></span> 
     </span>
     <span class='ocr_line' id='line_1_30' title="bbox 141 3579 1089 3664; baseline 0.003 -22"><span class='ocrx_word' id='word_1_177' title='bbox 141 3579 350 3644; x_wconf 88' lang='lat' dir='ltr'><strong>irruentibus</strong></span> <span class='ocrx_word' id='word_1_178' title='bbox 367 3588 489 3663; x_wconf 84' lang='lat' dir='ltr'><strong>captus</strong></span> <span class='ocrx_word' id='word_1_179' title='bbox 508 3589 572 3647; x_wconf 90' lang='lat' dir='ltr'><strong>est.</strong></span> <span class='ocrx_word' id='word_1_180' title='bbox 613 3582 681 3647; x_wconf 90' lang='lat' dir='ltr'><strong>Sed</strong></span> <span class='ocrx_word' id='word_1_181' title='bbox 696 3581 777 3646; x_wconf 92' lang='lat' dir='ltr'><strong>dum</strong></span> <span class='ocrx_word' id='word_1_182' title='bbox 792 3601 882 3646; x_wconf 89' lang='lat' dir='ltr'><strong>unus</strong></span> <span class='ocrx_word' id='word_1_183' title='bbox 893 3601 938 3646; x_wconf 83' lang='lat' dir='ltr'><strong>ex</strong></span> <span class='ocrx_word' id='word_1_184' title='bbox 954 3582 1089 3664; x_wconf 84' lang='lat' dir='ltr'><strong>praedo-</strong></span> 
     </span>
     <span class='ocr_line' id='line_1_31' title="bbox 142 3679 1091 3763; baseline 0.006 -23"><span class='ocrx_word' id='word_1_185' title='bbox 142 3679 242 3742; x_wconf 90' lang='lat' dir='ltr'><strong>nibus</strong></span> <span class='ocrx_word' id='word_1_186' title='bbox 264 3697 387 3742; x_wconf 87' lang='lat' dir='ltr'><strong>aurum</strong></span> <span class='ocrx_word' id='word_1_187' title='bbox 411 3681 456 3744; x_wconf 89' lang='lat' dir='ltr'><strong>ah</strong></span> <span class='ocrx_word' id='word_1_188' title='bbox 478 3700 520 3745; x_wconf 92' lang='lat' dir='ltr'><strong>eo</strong></span> <span class='ocrx_word' id='word_1_189' title='bbox 544 3687 726 3763; x_wconf 85' lang='lat' dir='ltr'><strong>quaereret,</strong></span> <span class='ocrx_word' id='word_1_190' title='bbox 742 3680 856 3762; x_wconf 91' lang='lat' dir='ltr'><strong>ipsum</strong></span> <span class='ocrx_word' id='word_1_191' title='bbox 878 3688 1001 3746; x_wconf 89' lang='lat' dir='ltr'><strong>contra</strong></span> <span class='ocrx_word' id='word_1_192' title='bbox 1022 3700 1091 3746; x_wconf 88' lang='lat' dir='ltr'><strong>cae·</strong></span> 
     </span>
     <span class='ocr_line' id='line_1_32' title="bbox 141 3779 1091 3861; baseline 0.005 -23"><span class='ocrx_word' id='word_1_193' title='bbox 141 3783 233 3840; x_wconf 86' lang='lat' dir='ltr'><strong>toros</strong></span> <span class='ocrx_word' id='word_1_194' title='bbox 256 3779 444 3857; x_wconf 89' lang='lat' dir='ltr'><strong>tuebatur.;</strong></span> <span class='ocrx_word' id='word_1_195' title='bbox 472 3780 563 3844; x_wconf 89' lang='lat' dir='ltr'><strong>inter</strong></span> <span class='ocrx_word' id='word_1_196' title='bbox 590 3799 677 3861; x_wconf 90' lang='lat' dir='ltr'><strong>quos</strong></span> <span class='ocrx_word' id='word_1_197' title='bbox 709 3780 824 3844; x_wconf 83' lang='lat' dir='ltr'><strong>excito</strong></span> <span class='ocrx_word' id='word_1_198' title='bbox 854 3780 1019 3859; x_wconf 90' lang='lat' dir='ltr'><strong>tumultu,</strong></span> <span class='ocrx_word' id='word_1_199' title='bbox 1045 3781 1091 3844; x_wconf 87' lang='lat' dir='ltr'><strong>ad</strong></span> 
     </span>
     <span class='ocr_line' id='line_1_33' title="bbox 141 3876 1092 3944; baseline 0.004 -6"><span class='ocrx_word' id='word_1_200' title='bbox 141 3894 243 3940; x_wconf 90' lang='lat' dir='ltr'><strong>voces</strong></span> <span class='ocrx_word' id='word_1_201' title='bbox 255 3876 510 3941; x_wconf 82' lang='lat' dir='ltr'><strong>&#39;decertantium</strong></span> <span class='ocrx_word' id='word_1_202' title='bbox 537 3880 712 3943; x_wconf 85' lang='lat' dir='ltr'><strong>exercitus</strong></span> <span class='ocrx_word' id='word_1_203' title='bbox 734 3884 931 3942; x_wconf 87' lang='lat' dir='ltr'><strong>commotus</strong></span> <span class='ocrx_word' id='word_1_204' title='bbox 944 3887 997 3944; x_wconf 87' lang='lat' dir='ltr'><strong>est</strong></span> <span class='ocrx_word' id='word_1_205' title='bbox 1014 3881 1092 3943; x_wconf 90' lang='lat' dir='ltr'><strong>uni-</strong></span> 
     </span>
    </p>
   </div>
   <div class='ocr_carea' id='block_1_6' title="bbox 142 4050 1094 4384">
    <p class='ocr_par' dir='ltr' id='par_1_6' title="bbox 142 4050 1094 4384">
     <span class='ocr_line' id='line_1_34' title="bbox 177 4050 1094 4120; baseline 0.002 -18"><span class='ocrx_word' id='word_1_206' title='bbox 177 4050 360 4118; x_wconf 80' lang='lat' dir='ltr'><strong>¹Ramundus.]</strong></span> <span class='ocrx_word' id='word_1_207' title='bbox 383 4055 466 4104; x_wconf 86' lang='lat' dir='ltr'><strong>‘Itis</strong></span> <span class='ocrx_word' id='word_1_208' title='bbox 488 4056 604 4118; x_wconf 83' lang='lat' dir='ltr'><strong>singular</strong></span> <span class='ocrx_word' id='word_1_209' title='bbox 627 4057 742 4118; x_wconf 87' lang='lat' dir='ltr'><strong>writings</strong></span> <span class='ocrx_word' id='word_1_210' title='bbox 765 4055 794 4105; x_wconf 85' lang='lat' dir='ltr'><strong>of</strong></span> <span class='ocrx_word' id='word_1_211' title='bbox 817 4055 860 4104; x_wconf 88' lang='lat' dir='ltr'><strong>the</strong></span> <span class='ocrx_word' id='word_1_212' title='bbox 883 4055 984 4106; x_wconf 86' lang='lat' dir='ltr'><strong>Greeks</strong></span> <span class='ocrx_word' id='word_1_213' title='bbox 1005 4053 1094 4120; x_wconf 85' lang='lat' dir='ltr'><strong>(Anna</strong></span> 
     </span>
     <span class='ocr_line' id='line_1_35' title="bbox 142 4123 1092 4190; baseline 0.003 -19"><span class='ocrx_word' id='word_1_214' title='bbox 142 4123 239 4184; x_wconf 84' lang='lat' dir='ltr'><strong>enough</strong></span> <span class='ocrx_word' id='word_1_215' title='bbox 247 4125 303 4172; x_wconf 80' lang='lat' dir='ltr'><strong>that</strong></span> <span class='ocrx_word' id='word_1_216' title='bbox 310 4124 442 4184; x_wconf 81' lang='lat' dir='ltr'><strong>Raymond</strong></span> <span class='ocrx_word' id='word_1_217' title='bbox 450 4123 510 4174; x_wconf 83' lang='lat' dir='ltr'><strong>olS.</strong></span> <span class='ocrx_word' id='word_1_218' title='bbox 519 4125 603 4187; x_wconf 84' lang='lat' dir='ltr'><strong>Giles,</strong></span> <span class='ocrx_word' id='word_1_219' title='bbox 628 4126 750 4176; x_wconf 66' lang='lat' dir='ltr'><strong>(tamnen.</strong></span> <span class='ocrx_word' id='word_1_220' title='bbox 762 4125 883 4176; x_wconf 85' lang='lat' dir='ltr'><strong>Alexiad.</strong></span> <span class='ocrx_word' id='word_1_221' title='bbox 894 4139 921 4175; x_wconf 87' lang='lat' dir='ltr'><strong>x.</strong></span> <span class='ocrx_word' id='word_1_222' title='bbox 930 4123 979 4190; x_wconf 88' lang='lat' dir='ltr'><strong>xi.)</strong></span> <span class='ocrx_word' id='word_1_223' title='bbox 990 4126 1040 4174; x_wconf 89' lang='lat' dir='ltr'><strong>and</strong></span> <span class='ocrx_word' id='word_1_224' title='bbox 1050 4125 1092 4174; x_wconf 87' lang='lat' dir='ltr'><strong>the</strong></span> 
     </span>
     <span class='ocr_line' id='line_1_36' title="bbox 142 4192 1094 4261; baseline 0.004 -22"><span class='ocrx_word' id='word_1_225' title='bbox 142 4205 159 4239; x_wconf 84' lang='lat' dir='ltr'><strong>a</strong></span> <span class='ocrx_word' id='word_1_226' title='bbox 170 4193 259 4242; x_wconf 79' lang='lat' dir='ltr'><strong>second</strong></span> <span class='ocrx_word' id='word_1_227' title='bbox 270 4192 483 4243; x_wconf 85' lang='lat' dir='ltr'><strong>characterinthe</strong></span> <span class='ocrx_word' id='word_1_228' title='bbox 494 4196 603 4256; x_wconf 85' lang='lat' dir='ltr'><strong>genuine</strong></span> <span class='ocrx_word' id='word_1_229' title='bbox 628 4195 754 4244; x_wconf 81' lang='lat' dir='ltr'><strong>Arabiane</strong></span> <span class='ocrx_word' id='word_1_230' title='bbox 761 4193 969 4261; x_wconf 86' lang='lat' dir='ltr'><strong>(Lonqueruana,</strong></span> <span class='ocrx_word' id='word_1_231' title='bbox 979 4210 1005 4256; x_wconf 87' lang='lat' dir='ltr'><strong>p.</strong></span> <span class='ocrx_word' id='word_1_232' title='bbox 1015 4193 1094 4258; x_wconf 75' lang='lat'>129).’</span> 
     </span>
     <span class='ocr_line' id='line_1_37' title="bbox 142 4259 952 4327; baseline 0.009 -20"><span class='ocrx_word' id='word_1_233' title='bbox 142 4259 234 4324; x_wconf 81' lang='lat' dir='ltr'><strong>history</strong></span> <span class='ocrx_word' id='word_1_234' title='bbox 249 4262 279 4312; x_wconf 85' lang='lat' dir='ltr'><strong>of</strong></span> <span class='ocrx_word' id='word_1_235' title='bbox 294 4262 338 4311; x_wconf 89' lang='lat' dir='ltr'><strong>the</strong></span> <span class='ocrx_word' id='word_1_236' title='bbox 356 4261 494 4324; x_wconf 84' lang='lat' dir='ltr'><strong>Orusades‚</strong></span> <span class='ocrx_word' id='word_1_237' title='bbox 511 4265 603 4314; x_wconf 85' lang='lat' dir='ltr'><strong>should</strong></span> <span class='ocrx_word' id='word_1_238' title='bbox 628 4265 740 4326; x_wconf 86' lang='lat' dir='ltr'><strong>Gihbon,</strong></span> <span class='ocrx_word' id='word_1_239' title='bbox 750 4265 786 4314; x_wconf 84' lang='lat' dir='ltr'><strong>xi.</strong></span> <span class='ocrx_word' id='word_1_240' title='bbox 798 4279 824 4325; x_wconf 89' lang='lat' dir='ltr'><strong>p.</strong></span> <span class='ocrx_word' id='word_1_241' title='bbox 837 4268 879 4327; x_wconf 75' lang='lat'><strong>33,</strong></span> <span class='ocrx_word' id='word_1_242' title='bbox 889 4268 952 4314; x_wconf 82' lang='lat' dir='ltr'><strong>acte.</strong></span> 
     </span>
     <span class='ocr_line' id='line_1_38' title="bbox 143 4329 876 4384; baseline 0.018 -8"><span class='ocrx_word' id='word_1_243' title='bbox 143 4329 304 4382; x_wconf 81' lang='lat' dir='ltr'><strong>shineasthe</strong></span> <span class='ocrx_word' id='word_1_244' title='bbox 315 4333 371 4381; x_wconf 86' lang='lat' dir='ltr'><strong>first</strong></span> <span class='ocrx_word' id='word_1_245' title='bbox 380 4330 410 4381; x_wconf 86' lang='lat' dir='ltr'><strong>ol</strong></span> <span class='ocrx_word' id='word_1_246' title='bbox 425 4331 512 4382; x_wconf 86' lang='lat' dir='ltr'><strong>heroes</strong></span> <span class='ocrx_word' id='word_1_247' title='bbox 523 4335 550 4383; x_wconf 91' lang='lat' dir='ltr'><strong>iu</strong></span> <span class='ocrx_word' id='word_1_248' title='bbox 561 4335 603 4384; x_wconf 92' lang='lat' dir='ltr'><strong>the</strong></span> <span class='ocrx_word' id='word_1_249' title='bbox 874 4333 876 4337; x_wconf 66' lang='grc'><strong>’</strong></span> 
     </span>
    </p>
   </div>
   <div class='ocr_carea' id='block_1_7' title="bbox 0 0 1563 5186">
    <p class='ocr_par' dir='ltr' id='par_1_7' title="bbox 0 0 1563 5186">
     <span class='ocr_line' id='line_1_39' title="bbox 0 0 1563 5186; baseline 0 0"><span class='ocrx_word' id='word_1_250' title='bbox 0 0 1563 5186; x_wconf 95' lang='lat' dir='ltr'><strong> </strong></span> 
     </span>
    </p>
   </div>
  </div>
 </body>
</html>
