3144 5180
384 569 523 619 unonss
547 569 816 618 nrsroarnnun.
1007 552 1072 618 291

122 720 194 783 dies
222 720 409 798 illuxisset,
440 720 521 785 fecit
546 721 729 802 episcopus
759 719 942 785 convenire
974 739 1070 802 pres·
1084 741 1205 785 nonin.

121 820 281 902 byterum
296 839 375 884 cum
393 820 597 902 quibusdam
614 819 806 884 hominibus
824 819 930 896 villae,
948 826 983 883 et
1005 820 1072 884 sci-

121 919 268 983 scitatus
290 920 335 982 ab
357 920 406 984 eis
432 919 626 1002 diligenter,
651 919 728 1001 quis
753 919 855 983 homo
879 918 938 982 ille
962 938 1071 1001 nuper

122 1016 306 1082 defunctus
340 1025 432 1082 esset
460 1026 495 1102 et
525 1018 638 1100 qualis
664 1018 746 1082 vitae
771 1024 853 1082 ante
877 1017 1008 1085 obitum
1033 1019 1069 1082 in

122 1117 250 1181 saeculo
269 1118 482 1198 exstitisset3
514 1118 571 1200 qui
594 1135 711 1181 omnes
729 1117 928 1182 fatebantur
949 1117 993 1181 de
1014 1137 1068 1195 eo,

121 1217 213 1297 quod
245 1224 338 1281 esset
365 1217 418 1282 vir
440 1217 559 1300 justus
592 1236 634 1281 ac
665 1217 788 1280 timens
817 1217 944 1294 Deum,
970 1224 1070 1299 pater

120 1315 354 1397 orphanorum
388 1324 439 1382 et.
456 1303 646 1381 consolatio
679 1315 893 1394 miserorum,
929 1322 970 1379 ut
1008 1319 1068 1398 qui

119 1432 255 1478 omnem
283 1417 512 1480 substantiam
541 1435 641 1480 suam
671 1415 707 1479 in
735 1415 955 1499 pauperibus,
987 1415 1068 1479 dum

122 1515 268 1590 viveret,
288 1522 324 1579 et
344 1515 537 1599 hospitibus
563 1516 740 1597 erogavit3
764 1516 876 1579 tenuit
899 1521 1069 1597 praeterea

10 1693 11 1696 Ἴ
120 1613 157 1675 in
172 1613 276 1677 domo
298 1633 362 1678 sua
383 1616 632 1697 presbyterum,
647 1615 702 1678 cui
724 1614 766 1678 de
793 1615 932 1697 proprio
952 1615 1069 1679 omnia

121 1714 318 1776 necessaria
331 1714 553 1792 ministravit,
576 1714 636 1795 qui
657 1714 971 1778 commendationes
994 1715 1068 1777 aui-

123 1831 258 1875 matum
287 1820 323 1877 et
355 1814 537 1878 missarum
573 1812 739 1895 suffragia
767 1813 887 1879 diebus
922 1813 1069 1894 singulis

122 1931 186 1992 pro
210 1911 382 1976 defunctis
407 1913 563 1977 fidelibus
585 1913 783 1978 celebravit.
836 1913 926 1975 Haec
952 1919 1068 1976 autem

122 2030 202 2074 cum
211 2011 365 2076 audisset
379 2013 574 2094 episcopus,
587 2012 762 2076 intellexit
776 2012 940 2075 contiuuo
952 2030 1068 2088 voces,

122 2129 210 2191 quas
235 2111 392 2188 audierat
410 2113 452 2176 do
470 2112 668 2180 coemeterio
688 2111 844 2188 emissas,
864 2109 950 2173 nihil
973 2109 1067 2173 aliud
1107 2173 1111 2180 ,

10 2205 11 2212 '
120 2229 197 2273 esse
225 2229 330 2293 quam
354 2231 458 2275 voces
491 2211 683 2276 animarum
712 2210 851 2274 illorum
874 2228 1069 2292 corporum,

121 2328 201 2391 quae
233 2309 271 2372 in
300 2310 496 2375 coemeterio
525 2310 759 2394 quiescebant,
791 2309 997 2392 plangentes
1024 2308 1068 2371 de

121 2415 231 2472 morto
254 2408 403 2479 hominis
423 2418 458 2476 ot
476 2417 660 2491 gementes
684 2428 745 2491 per
766 2428 868 2490 quem
889 2407 972 2470 dum
989 2407 1067 2471 vix.-

122 2515 197 2571 erat
225 2508 520 2593 eleemosynarum
554 2516 589 2573 et
621 2508 803 2572 missarum
836 2507 961 2571 habere
994 2504 1067 2570 sul·

121 2606 234 2688 fragia
250 2615 459 2672 meruerunt.
504 2607 604 2672 Tunc
621 2607 815 2690 episcopus,
830 2612 955 2670 vocato
972 2605 1016 2669 ad
1032 2626 1069 2670 se

120 2706 336 2788 presbytero,
366 2707 426 2788 qui
456 2708 521 2772 sub
553 2707 629 2771 viro
657 2705 820 2770 defuncto
853 2705 976 2770 missas
1007 2725 1070 2787 pro

120 2804 294 2869 defunctis
316 2806 563 2882 celebraverat,
580 2805 674 2870 dedit
696 2805 727 2870 ei
749 2804 942 2887 portionem
959 2803 996 2867 in
1013 2823 1069 2868 ec·

123 2904 230 2968 clesia
244 2906 350 2982 villae,
364 2912 522 2970 statuens
543 2913 578 2970 et
592 2905 643 2969 illi
665 2905 864 2988 injungens,
880 2910 932 2981 ut,
948 2923 1069 2986 quam-

122 3002 180 3066 diu
194 3004 341 3081 viveret,
358 3004 497 3068 missam
513 3011 547 3068 et
565 3005 730 3086 obsequia
745 3003 983 3068 defunctorum
1000 3002 1071 3066 die·

120 3103 184 3165 bus
200 3103 350 3185 singulis
364 3104 564 3169 celebraret.

149 3274 241 3348 Quod
254 3295 334 3361 reyes
350 3275 548 3342 Francorum
564 3285 593 3339 ct
606 3245 780 3360 duplorum
796 3274 832 3338 ia
847 3272 1041 3338 concauam

497 3382 706 3438 concuterent.

169 3496 277 3562 Anno
300 3496 442 3563 Domini
464 3515 608 3562 uouxu.
634 3497 850 3573 bodonicus,
875 3515 938 3559 rex
959 3493 1069 3559 Fran·
1083 3507 1208 3596 332012235

119 3616 253 3674 corum,
282 3605 318 3662 et
343 3596 530 3675 HenricuS,
555 3617 618 3661 rex
636 3597 844 3679 Anglorum,
859 3601 1069 3658 armatorum
1083 3607 1168 3646 trane·

119 3697 230 3778 copiis
256 3698 407 3780 undique
425 3697 658 3779 congregatis,
680 3717 759 3760 cum
780 3696 857 3779 jam
879 3701 1070 3778 campestre

120 3795 281 3876 praelium
314 3797 405 3860 inter
442 3817 501 3862 eos
531 3796 710 3859 imminere
749 3801 932 3880 putaretur
962 3812 1069 3875 prope

123 3894 367 3972 Fretevallem,
387 3890 506 3959 ¹amici
527 3896 642 3961 subito
662 3902 744 3960 sunt
761 3893 886 3958 effecti.
939 3891 1070 3955 Eodem

121 4011 214 4056 anno
244 3993 400 4073 Alienon,
425 3993 618 4076 Anglorum
650 3995 783 4077 regina,
813 3990 906 4074 apud
933 3989 1085 4053 Rotho·.

155 4215 258 4266 ¹Amici
284 4217 363 4266 subito
388 4221 446 4266 ruat
470 4216 586 4281 effecti.]
610 4217 802 4279 regemAngliae
811 4219 929 4276 stragem
938 4211 1072 4273 Franoiae,'

119 4287 215 4348 Rymer
230 4287 278 4336 hae
293 4302 310 4335 a
326 4286 380 4335 buli
397 4286 425 4334 ol
440 4286 587 4335 Alexander
611 4287 748 4336 addressed
767 4291 793 4334 to
813 4285 903 4345 Henry
915 4282 955 4332 11.
972 4283 999 4330 in
1021 4282 1072 4331 this

119 4356 182 4419 111„
192 4357 200 4385 ‘
210 4372 256 4418 pro
269 4370 332 4418 pace
348 4355 507 4405 reformanda
516 4352 587 4424 {inter
612 4371 688 4417 year;
705 4357 723 4406 i.
736 4370 762 4417 p.
774 4358 815 4404 al.
924 4434 941 4470 U
957 4426 974 4470 ἦ
