3178 5194
430 528 496 598 lot
686 547 821 596 noounr
844 548 892 594 nn
914 545 1124 594 wnunovnn

272 716 394 757 tun-¹¹⁸⁷·
433 701 626 769 Aconensis
649 709 686 786 et
707 708 900 788 praecentor
920 701 1094 766 Dominici
1117 701 1304 784 sepulchri,
1326 703 1385 768 ille

433 823 545 868 caesus
568 810 603 867 et
625 803 691 867 iste
721 808 844 885 captus
874 799 1006 884 pariter
1028 820 1106 865 cum
1128 802 1208 884 ipsa
1226 821 1384 867 succum-

433 903 540 984 bunt;
569 903 688 985 sicque
719 902 856 985 capitur
886 911 972 964 crux
995 908 1118 966 sancta
1139 908 1283 984 propter
1303 920 1384 985 pec·
1476 979 1482 990 .

434 1009 515 1067 cata
536 1002 726 1078 hominum,
749 1007 796 1078 et,
812 1019 890 1082 quae
905 1020 968 1064 nos
990 1004 1012 1065 a
1034 1000 1145 1066 veteri
1168 997 1384 1084 captivitatis

331 1143 333 1148 ,
430 1102 519 1185 jugo
535 1100 699 1178 absolvit,
716 1105 780 1183 p'ro
796 1099 897 1164 nobis
924 1101 1064 1183 captiva
1086 1099 1224 1164 ducitur
1245 1107 1281 1165 et
1302 1121 1384 1184 pro·

434 1200 525 1266 lauis
542 1201 724 1284 gentilium
741 1199 899 1264 manibus
916 1205 1165 1272 contrectatur,

472 1374 564 1453 Quod
577 1381 686 1440 sancta
701 1373 812 1438 richoo
827 1392 896 1438 oum
913 1369 1055 1456 totofore
1072 1380 1158 1438 terra
1171 1372 1350 1460 Hierosoly·

632 1474 754 1538 mitum
770 1494 792 1536 o
809 1471 984 1536 Sabadius
998 1469 1192 1557 sohjupotro.

349 1618 377 1697 ”g
494 1589 716 1661 Salaadinus¹
750 1591 869 1677 itaque
893 1595 1041 1661 victoria
1069 1597 1201 1678 potitus
1227 1595 1385 1661 Tiberia-

357 1733 364 1747 ·
432 1693 509 1760 dem
531 1696 728 1773 revertitur,
746 1702 793 1774 et,
815 1695 890 1760 solo
912 1695 1072 1777 praesidio
1088 1695 1181 1778 quod
1203 1704 1384 1778 supererat

432 1802 549 1880 capto,
566 1814 684 1877 regem
705 1814 784 1858 cum
808 1795 943 1858 caeteris
963 1813 1051 1877 quos
1072 1801 1211 1878 ceperat
1232 1796 1384 1860 Damas-

433 1913 512 1959 cum
528 1894 732 1960 transmisit.
771 1893 907 1958 Deinde
925 1892 1109 1958 Galilaeam
1124 1894 1291 1958 invadens
1306 1897 1385 1960 uni·

433 2013 535 2062 versa
554 2013 617 2077 pro
636 1994 738 2059 libitu
761 1993 954 2076 occupavit,
976 2000 1012 2058 et
1030 1993 1173 2058 veniens
1194 1993 1386 2059 Ptolomai-

435 2092 512 2156 dam
534 2095 608 2157 sine
623 2092 803 2173 sanguinis
819 2111 896 2156 eam
913 2091 1078 2157 effusione
1098 2094 1264 2176 suscepit.
1296 2093 1384 2159 Inde

435 2190 717 2277 Hierosolymam
740 2191 909 2256 festinans
935 2193 1055 2256 urbem
1085 2191 1232 2271 obsidet,
1256 2194 1386 2262 machi·

434 2311 498 2355 nae
515 2291 551 2356 in
567 2311 692 2375 gyrum
708 2292 821 2371 locat3
844 2292 938 2356 cives
953 2310 1040 2373 quas
1056 2299 1203 2375 possunt
1217 2292 1385 2358 defensio

434 2410 497 2455 nes
517 2392 697 2476 objiciunt,
715 2390 775 2456 sed
792 2409 904 2468 arcus,
919 2390 1068 2468 balistae,
1085 2392 1247 2474 petrariae
1263 2391 1386 2459 effectu

435 2497 555 2555 carent
582 2497 618 2555 et
640 2490 810 2555 inutiliter
838 2496 1123 2569 contrectantur3
1151 2491 1279 2574 vulgus
1302 2512 1385 2558 vero

434 2590 599 2671 pavidum
629 2590 674 2654 ad
703 2588 935 2672 patriarcham
961 2596 998 2654 et
1022 2590 1189 2672 reginam,
1216 2591 1276 2673 qui
1302 2595 1386 2656 tunc

434 2689 512 2776 urbi
525 2695 710 2770 praeerant,
727 2689 887 2755 flebiliter
901 2689 1101 2772 supplicans
1115 2690 1235 2768 instat,
1251 2700 1291 2754 ut
1305 2711 1384 2758 cum

435 2787 623 2852 Salaadino
644 2787 687 2853 de
709 2788 794 2851 urbe
818 2788 988 2854 tradenda
1010 2790 1229 2854 conveniant.
1261 2789 1384 2856 Pactio

434 2886 573 2950 tandem
590 2885 773 2950 intercedit
789 2888 902 2970 magis
915 2887 1064 2953 dolenda
1077 2907 1179 2972 quam
1194 2907 1385 2954 memoran-

434 2985 492 3064 da,
519 3005 611 3062 nam,
635 2986 764 3067 singuli
788 2988 912 3069 capitis
936 2988 991 3051 sui
1017 3006 1159 3052 censum
1181 2995 1384 3068 statuentes,

434 3086 489 3149 vir
504 3084 672 3150 bisantios
688 3085 818 3163 decem,
835 3087 957 3151 mulier
970 3086 1134 3171 quinque,
1148 3087 1262 3152 infans
1278 3089 1384 3154 riuum

434 3183 658 3267 persolveret,
682 3193 718 3251 et
740 3187 897 3270 quisquis
919 3187 979 3270 qui
1004 3186 1048 3250 ad
1071 3187 1146 3250 haec
1168 3207 1237 3252 non
1260 3188 1385 3254 sufficit

435 3292 611 3349 teneretur
627 3287 807 3368 captivus3
830 3293 930 3350 erant
950 3292 1067 3350 autem
1086 3287 1122 3349 in
1142 3286 1283 3352 civitate
1298 3308 1384 3371 qua-

436 3384 624 3448 tuordecim
646 3385 755 3448 millia
776 3386 957 3468 utriusque
983 3404 1090 3448 sexus
1113 3384 1301 3464 hominum,
1323 3389 1384 3470 qui

435 3482 566 3547 adhoc
589 3503 658 3547 non
684 3482 892 3548 sufficientes
909 3485 1035 3568 jugum
1059 3485 1240 3550 subierunt
1261 3507 1384 3570 perpe·

435 3588 506 3644 tuae
518 3582 708 3646 servitutis.
730 3576 901 3648 ²Reddita
912 3593 965 3648 est
974 3583 1098 3648 civitas
1107 3592 1230 3649 sancta
1239 3586 1384 3650 inimicis

436 3679 578 3756 Christi,
595 3688 631 3745 et
646 3683 865 3764 sepulchrum
887 3682 1076 3766 possident,
1094 3685 1153 3766 qui
1168 3704 1382 3768 persequun-

434 3787 493 3842 tur
521 3778 724 3862 Sepultnm3
761 3802 897 3846 crucem
927 3789 1057 3859 tenent,
1084 3783 1144 3864 qui
1170 3782 1384 3851 Crucifixum

433 3878 687 3962 blasphemant.
719 3880 903 3962 Ingressus
924 3883 1042 3964 itaque
1064 3881 1241 3947 civitatem
1263 3883 1384 3949 Salan-

467 4107 661 4180 ¹Soloodinus.]
682 4113 895 4165 Bem.'lhesaur.
921 4116 953 4164 od
971 4113 1014 4164 the
1031 4115 1091 4164 tsth
1108 4114 1229 4166 October.
1277 4115 1325 4166 See
1341 4116 1383 4168 the

435 4181 615 4245 comitarer.
887 4185 890 4192 '
921 4190 1029 4233 account
1047 4185 1076 4233 of
1092 4185 1125 4233 its
1143 4190 1247 4246 capture
1266 4185 1301 4247 by
1319 4186 1385 4249 Cog-

678 4290 680 4296 .
921 4254 1042 4316 geshale3
1059 4255 1185 4315 Martene,
1196 4255 1264 4306 Vett.
1279 4255 1384 4319 Scriptt.

467 4312 596 4366 ²Reddita
618 4321 655 4365 est
676 4318 764 4368 ciuitas
787 4313 893 4388 sancta]
921 4328 980 4374 tom.
992 4339 1017 4374 v.
1029 4325 1077 4374 col.
1089 4328 1147 4388 567,
1157 4339 1222 4388 seqq.
