3178 5194
414 541 417 548 v
459 507 526 574 392
716 525 852 573 nocnnr
875 525 923 572 nn
945 517 1153 572 wunncvnn

301 703 357 742 A.D.
367 702 423 742 lita.

300 753 385 802 Legend
393 754 417 792 ol
423 753 444 793 S.

301 803 449 853 amphibalus.

460 683 677 747 interessent.
735 681 812 745 Illis
827 725 829 728 -
844 690 1006 746 eventum
1037 673 1087 744 rei
1116 667 1412 764 praestolantibus,

461 801 555 866 saepe
582 781 696 845 dictus
721 781 823 844 homo
849 781 1080 864 praecedebat,
1108 773 1413 863 fratribus-plani-

462 883 545 946 tiem
568 880 754 945 ostendens
776 887 976 944 sanctorum
998 899 1144 962 corpora
1167 881 1411 944 continentem.

463 981 551 1046 Erat
573 979 799 1048 autemseria·
819 986 922 1044 sexta
944 986 1024 1043 ante
1045 979 1298 1044 solemnitatem
1321 978 1415 1042 beati

463 1079 593 1145 Albani
626 1078 765 1162 quando
797 1078 872 1143 haec
903 1078 997 1143 facta
1030 1085 1123 1155 sunt,
1156 1098 1226 1161 qna
1259 1076 1414 1162 ejusdem

463 1180 576 1244 sancti
591 1179 707 1263 passio
725 1178 929 1243 celebratur.
968 1175 1026 1243 Ab
1040 1178 1101 1243 illo
1119 1198 1202 1260 ergo
1218 1178 1285 1255 die,
1302 1196 1412 1260 usque

463 1299 533 1362 quo
550 1278 676 1344 elevati
689 1278 828 1343 fuerunt
844 1277 968 1353 sancti,
990 1277 1067 1342 loco
1090 1277 1140 1341 illi
1163 1277 1322 1342 custodia
1344 1296 1412 1341 non

463 1379 584 1456 defuit,
601 1378 661 1442 sed
687 1378 812 1442 fratres
833 1377 966 1461 jugiter
988 1395 1066 1440 cum
1090 1377 1189 1442 laicis
1217 1377 1413 1441 adsuerunt.

464 1478 666 1543 Conventus
698 1477 836 1542 interim
866 1475 1116 1542 continentiam
1146 1477 1229 1542 vitae
1260 1475 1415 1558 suscepit

464 1578 635 1654 arctioris
651 1583 848 1655 et,·statuto
869 1595 949 1639 cum
973 1577 1192 1658 processione
1216 1577 1414 1639 orationum

464 1677 641 1758 suffragio,
666 1677 818 1741 solemne
838 1674 1011 1759 jejunium
1037 1675 1166 1758 populo
1193 1676 1413 1759 praedicatur.
1511 1699 1516 1706 ·

464 1776 545 1842 Jam
574 1776 671 1841 locus
707 1776 766 1841 ille
794 1776 919 1840 futurae
945 1775 1156 1838 inventionis
1182 1773 1413 1839 nundinarum

440 1949 444 1960 ¹
465 1875 723 1940 similitudinem
755 1875 974 1958 praeferebat,
1001 1881 1036 1938 et
1059 1875 1298 1939 recedentibus
1324 1873 1416 1950 aliie,

466 1996 554 2060 quos
580 1977 696 2041 fervor
720 1974 916 2040 devotionis
943 1973 1150 2052 adduxerat,
1176 1974 1237 2038 alii
1262 1973 1416 2057 quotidie

465 2076 705 2142 succedebant.
773 2171 776 2176 1
1384 2072 1388 2079 ’

531 2249 580 2312 Dc
594 2245 716 2326 drudus,
727 2209 909 2312 noluntas
923 2246 968 2312 ibi
983 2247 1115 2326 curctis,
1132 2248 1207 2313 dum
1221 2255 1345 2314 aarum

845 2353 1039 2432 quereretur.
1125 2387 1141 2417 ·;

472 2491 476 2500 ·
517 2467 628 2532 Porro
643 2468 822 2550 signorum
837 2468 948 2547 initia,
966 2489 1044 2551 quae
1058 2467 1171 2534 adhuc
1191 2470 1304 2535 sancti
1328 2480 1418 2534 mar-¹

467 2575 562 2650 tyros
585 2567 620 2629 in
646 2569 748 2632 corde
772 2574 874 2633 terrae
899 2569 1049 2633 latentes
1073 2571 1109 2633 in
1129 2571 1322 2654 auspicium
1342 2564 1416 2653 spei

467 2667 618 2730 melioris
661 2669 859 2751 patrabant,
898 2668 1084 2733 multorum
1125 2677 1288 2751 poterunt
1317 2668 1417 2733 testi-

468 2766 584 2830 monio
611 2766 829 2846 confirmari3
861 2768 986 2832 mulier
1015 2788 1163 2852 namque
1189 2769 1347 2850 quaedam
1374 2768 1418 2833 de

470 2864 681 2944 Gatesdene,
703 2865 924 2949 scapularum
947 2874 981 2933 et
1009 2888 1129 2933 renum
1153 2868 1330 2932 debilitate
1354 2883 1419 2951 per

469 2965 586 3027 decem
618 2983 728 3031 annos
759 2965 923 3042 detenta,
938 2965 1015 3049 jam
1037 2975 1178 3050 propter
1199 2968 1417 3050 aegritudinis

470 3063 717 3146 turpitudinem
738 3065 863 3130 marito
888 3066 1066 3148 despectui
1091 3067 1302 3149 habebatur3
1326 3061 1417 3151 quae,

469 3163 627 3246 proprios
650 3183 789 3247 egressa
805 3165 891 3229 fines
914 3173 951 3230 et
971 3186 1034 3248 per
1050 3166 1286 3232 Redburniam
1306 3176 1419 3232 trans-

470 3263 557 3327 itum
575 3263 730 3341 laciens,
757 3263 864 3348 juxta
899 3273 1096 3330 sanctorum
1129 3274 1320 3350 martyrum
1335 3315 1339 3320 .
1357 3267 1417 3331 de:

470 3363 589 3428 cubuit
621 3364 848 3446 sepulturam,
878 3383 941 3428 nec
971 3366 1013 3429 de
1035 3366 1111 3430 loco
1134 3369 1287 3432 surrexit
1309 3368 1418 3433 donec

470 3461 613 3527 sanitati
636 3462 791 3544 pristinae
814 3463 1025 3528 redderetur.
1076 3464 1201 3530 Altera
1227 3466 1269 3530 de
1297 3467 1417 3530 Dune-

471 3563 611 3644 staplia,
628 3563 765 3626 nomine
782 3561 923 3640 Cecilia,
940 3562 976 3626 in
996 3563 1191 3648 hydropisis
1214 3567 1417 3647 aegritudine

471 3662 570 3724 annis
602 3661 749 3728 sedecim
781 3662 978 3740 transactis,
1006 3662 1165 3728 habentis
1187 3665 1224 3728 in
1247 3673 1346 3730 utero
1370 3667 1417 3730 si·

471 3758 697 3824 militudinem
723 3762 954 3844 praeferebat3
983 3761 1058 3827 haec
1084 3764 1127 3827 ad
1150 3763 1230 3828 loca
1247 3761 1419 3847 ‘praedicta

472 3878 545 3922 suae
568 3860 690 3924 salutis
713 3861 817 3924 avida
838 3862 1044 3945 perveniens
1067 3861 1160 3928 illico
1187 3872 1343 3947 optatam
1359 3877 1419 3928 're-

471 3960 563 4041 cepit
577 3959 772 4024 sanitatem.
806 3960 896 4024 Item
910 3961 1026 4044 puella
1043 3964 1323 4047 quinquennalis
1341 3981 1418 4048 quae

471 4060 646 4141 nunquam
673 4079 695 4122 a
720 4060 904 4126 nativitate
931 4062 1036 4146 pedes
1056 4063 1257 4141 incesserat,
1285 4063 1420 4147 semper

471 4165 653 4240 parentum
665 4159 855 4224 ministerio
871 4164 1093 4244 portabatur;
1112 4162 1198 4239 haec,
1211 4164 1303 4246 qnod
1321 4153 1419 4229 multi

471 4257 622 4338 fidelium
638 4268 906 4341 conspexerunt,
921 4261 1026 4344 juxta
1048 4263 1160 4326 locum
1184 4270 1417 4345 praetaxatum
