3144 5180
277 717 330 756 Ad).
341 715 398 755 llud.

276 769 360 806 letters

277 817 302 855 oi
307 815 388 855 Becket

277 866 320 906 end
328 865 405 904 othere.

434 511 514 588 326'
696 535 830 584 aoenru
855 535 902 582 nn
925 533 1133 583 wnunovrr

437 713 501 759 nos
524 693 592 776 ipsi
615 690 651 757 id
678 700 749 756 non
774 692 965 774 poterimus
993 690 1122 754 diutius
1150 689 1186 754 in
1217 687 1389 771 patientia

437 794 628 871 sustinero;
654 811 718 854 nee
746 789 815 854 ista
842 811 907 873 pro
933 789 1034 854 nobis
1062 795 1231 871 quantum
1256 807 1320 869 pro
1345 806 1388 851 eo

438 892 674 976 proponimus,
697 889 797 973 eujus
818 889 965 972 gloriam
985 895 1021 952 et
1042 887 1207 952 honorem
1230 889 1314 952 totis
1337 887 1390 950 af·

438 991 585 1055 lectibus
603 988 833 1070 exoptamus!

439 1163 636 1248 Reeemplwm
655 1160 789 1246 epiwopa‘
806 1159 1028 1224 Lortdonieusie
1045 1157 1193 1224 (ildeberti
1207 1159 1254 1224 ool
1265 1179 1389 1246 popone

601 1259 830 1335 Alauondwan,
844 1259 939 1324 nimis
945 1267 1232 1346 praeunnptuoswm.

491 1377 737 1448 ‘Mandatum¹
753 1389 919 1458 vestrum,
936 1387 1037 1462 pater
1061 1382 1097 1446 in
1123 1380 1263 1445 Christo
1283 1382 1390 1445 earis-

440 1483 538 1559 sime,
554 1479 904 1546 debitaveneratione
918 1479 1158 1562 suscipientes,
1172 1480 1265 1546 illico
1279 1481 1388 1544 filium

438 1587 592 1644 vestrum
614 1580 829 1644 carissimum
856 1578 1025 1644 illustrem
1050 1576 1244 1660 Anglorum
1272 1588 1388 1661 regern

440 1679 623 1756 adivimus,
654 1686 702 1754 et,
736 1678 901 1761 adjuncto
935 1679 1033 1742 nobis
1064 1677 1252 1742 venerabili
1281 1678 1389 1742 fratre

440 1785 561 1842 nostro
591 1777 637 1842 R.
661 1775 911 1842 Herefordensi
941 1775 1117 1859 episeopo,
1148 1777 1256 1860 juxta
1281 1779 1389 1842 vestri

440 1876 585 1941 formam
607 1875 761 1942 mandati
778 1875 962 1957 diligenter
978 1875 1222 1956 convenimus3
1245 1877 1301 1940 oui
1317 1877 1388 1940 sin-

441 1974 536 2056 gula,
546 1994 625 2057 qnae
640 1975 765 2042 vestris
781 1975 881 2042 nobis
897 1991 1064 2056 expressa
1078 1981 1159 2039 sunt
1175 1975 1298 2053 literis,
1307 1984 1389 2040 ante

442 2074 560 2138 oeulos
580 2081 760 2158 ponentes,
779 2073 893 2156 ipsum
913 2073 1139 2150 obsecrando,
1157 2080 1205 2150 et,
1219 2081 1388 2155 qnantum

442 2173 572 2255 regiam
588 2173 733 2238 deoebat
743 2171 976 2256 'majestatem
988 2172 1179 2254 arguendo,
1189 2180 1391 2237 constanter

442 2281 477 2336 et
500 2270 672 2336 instanter
696 2271 827 2338 hortati
850 2291 982 2348 sumus,
1003 2278 1044 2336 ut
1067 2271 1133 2336 sibi
1158 2271 1388 2350 satisfaceret,

443 2378 490 2446 et,
501 2371 532 2434 si
548 2389 570 2434 a
584 2370 729 2436 rationis
745 2371 885 2438 tramite
900 2370 1114 2448 deviaverat,
1131 2371 1280 2436 adriam
1298 2373 1389 2436 veri-

442 2470 525 2532 tatis
547 2477 583 2534 et
602 2469 751 2552 justitiae
772 2469 883 2536 redire
896 2476 1018 2534 nostra
1036 2489 1099 2557 per
1120 2489 1184 2534 nos
1206 2479 1390 2534 revocatus

442 2567 676 2632 admonitione
691 2588 760 2632 non
777 2568 943 2645 tardaret,
959 2576 994 2632 et
1011 2574 1051 2632 ut
1072 2587 1094 2631 a
1110 2574 1209 2650 patre
1222 2569 1278 2650 pie
1295 2588 1389 2634 com-

441 2665 592 2730 monitus
601 2685 623 2728 a
636 2667 753 2747 pravis
768 2668 902 2732 actibus
918 2667 1059 2732 omnino
1073 2667 1266 2745 desisteret,
1276 2669 1389 2732 Deum

441 2783 528 2845 puro
550 2764 654 2828 corde
667 2764 838 2846 diligeret,
857 2773 1003 2831 matrem
1020 2775 1119 2830 suam
1139 2773 1296 2831 sanctam
1316 2766 1391 2832 Ro-

442 2879 579 2925 menam
607 2862 786 2928 ecelesiam
821 2865 924 2928 solita
947 2865 1166 2930 veneratione
1191 2867 1391 2949 respiceret,

442 2979 505 3023 nec
543 2979 620 3024 eam
656 2961 800 3026 visitare
833 2963 989 3028 volentes
1020 2963 1202 3041 inhiberet,
1235 2965 1390 3047 appella·
1417 2981 1422 2987 ’

443 3058 555 3124 tiones
578 3059 622 3124 ad
647 3079 722 3124 earn
745 3060 857 3126 saetas
879 3081 949 3126 non
971 3062 1165 3145 impediret,
1191 3071 1227 3128 et
1252 3071 1390 3146 patrem

442 3165 600 3221 nostrum
637 3158 813 3224 dominum
848 3159 1133 3226 cantuariensem
1161 3161 1390 3245 arehiepisco-

441 3275 524 3338 pum
541 3257 688 3339 benigne
701 3277 870 3326 revocans
889 3266 926 3322 et
946 3259 1112 3324 reducens
1131 3261 1166 3324 in
1185 3262 1278 3326 beati
1292 3261 1390 3326 Petri

443 3362 477 3418 et
493 3363 611 3421 vestra
633 3358 828 3422 reverentia
849 3358 968 3422 firmus
989 3358 1241 3441 immobilisque
1262 3361 1390 3442 persis-

443 3461 544 3530 teret,
567 3462 603 3518 et
625 3454 766 3536 pietatis
789 3457 969 3522 intendens
992 3458 1153 3539 operibus
1173 3458 1337 3524 ecelesias
1354 3467 1390 3524 et

444 3553 697 3618 ecclesiasticas
715 3574 882 3636 personas
899 3576 968 3620 non
982 3564 1160 3638 gravaret,
1181 3576 1244 3621 nee
1265 3577 1327 3639 per
1350 3578 1390 3622 se

443 3670 506 3714 nee
530 3671 591 3732 per
616 3652 722 3715 alium
750 3654 891 3734 gravari
916 3656 1141 3737 permitteret,
1165 3662 1205 3719 ut
1228 3655 1304 3732 Ille,
1326 3675 1391 3738 per

442 3768 544 3829 quem
559 3767 659 3830 reges
672 3760 831 3831 regnant,
849 3755 1038 3835 temporale
1058 3754 1124 3817 sibi
1144 3773 1289 3836 regnum
1307 3775 1390 3819 con·

441 3855 597 3912 servaret
621 3849 658 3911 in
687 3851 788 3914 terris
811 3857 847 3914 et
872 3859 1038 3916 aeternum
1055 3853 1122 3917 sibi
1146 3853 1331 3934 largiretur
1352 3849 1390 3918 in

441 3947 562 4025 caelis3
595 3947 761 4029 alioquin,
790 3949 819 4011 si
850 3950 989 4013 monitis
1013 3953 1208 4016 salubribus
1231 3972 1300 4016 non
1328 3954 1390 4017 ad-

474 4189 635 4309 gggondotum
645 4196 772 4260 vestrum]
790 4196 914 4258 Compare
924 4198 995 4249 libi.
1008 4213 1049 4260 ep,
1061 4200 1169 4250 xxxviii.
1181 4201 1244 4250 witb
1256 4202 1391 4267 Hoveden,

440 4276 465 4320 p.
524 4297 530 4310 .
