3144 5180
443 525 509 591 276
701 535 836 585 nocam
859 534 906 582 nn
930 534 1136 582 wunnovun

285 715 408 758 anna
447 673 557 771 rebat,
579 695 686 758 etsie
714 690 926 775 aliquamdiu
955 703 1184 773 perseverans
1207 689 1321 752 carnis
1343 689 1397 750 in-

285 768 403 859 iiiri'fiaa.
416 781 423 848 ἶ
449 793 599 872 centiva,
634 793 735 877 cnjus
771 791 955 855 acerrimos
994 787 1192 871 patiebatur
1228 787 1399 861 stimuloS,

450 891 683 956 mortificabat
706 891 743 954 in
768 891 880 973 aquis.
928 887 1082 952 Humilis
1105 893 1180 951 erat
1207 887 1340 950 cunctis
1363 885 1401 947 in

450 990 588 1072 eloquio
617 997 652 1055 et
679 989 866 1072 jucundus,
891 987 991 1070 cujus
1020 1005 1195 1050 sermones
1225 985 1398 1048 caelestem

452 1091 625 1171 quandam
646 1088 861 1152 harmoniam
883 1086 1103 1150 audientibus
1126 1084 1337 1160 redolebant,
1357 1083 1399 1145 li-

452 1198 507 1256 cet
520 1188 714 1252 bominibus
730 1206 865 1270 semper
879 1185 1000 1250 clausa
1013 1185 1165 1248 fenestra
1174 1184 1385 1266 loqueretur.

510 1359 708 1426 Miroaolom
722 1357 916 1426 manantia
930 1358 967 1422 da
987 1356 1133 1421 inobiooa
1148 1356 1251 1422 lorioae
1266 1356 1339 1441 ay'aa

505 1477 617 1547 Inter¹
635 1483 709 1547 baec
721 1485 773 1547 vir
790 1483 857 1547 Dei
868 1483 1047 1559 wlfricus,
1058 1483 1124 1546 soli
1135 1482 1212 1545 Deo
1226 1482 1399 1562 cognituS,

453 1583 489 1644 in
516 1583 675 1646 notitiam
707 1581 883 1645 hominum
910 1582 953 1645 ad
982 1601 1101 1646 eorum
1127 1581 1274 1645 salutem
1300 1581 1400 1662 quasi

455 1700 556 1744 mane
580 1700 707 1744 novum
728 1682 908 1765 prorupit3
938 1700 1017 1743 nam
1032 1667 1164 1757 lorica,
1182 1699 1255 1762 qua
1279 1679 1401 1743 indue·

455 1779 569 1868 batur,
600 1799 677 1843 cum
703 1799 741 1844 se
769 1781 915 1862 genibus
941 1779 1017 1862 ejus
1041 1779 1210 1855 allideret,
1233 1786 1268 1842 et
1291 1798 1402 1859 genu-

457 1878 645 1942 flexionum
656 1879 732 1962 ejus
747 1879 949 1943 instantiam
961 1879 1178 1960 praepediret,
1190 1877 1333 1941 militem
1347 1879 1402 1941 sui

456 1977 631 2041 conscium
652 1977 776 2042 secreti
802 1978 952 2042 advocat
971 1983 1006 2040 et
1026 1976 1118 2058 apud
1135 1996 1213 2040 eum
1235 1976 1277 2039 de
1297 1977 1405 2039 nimia

457 2076 674 2157 longitudine
684 2075 801 2141 loricae
815 2084 994 2156 causatur;
1012 2077 1054 2139 ad
1065 2095 1165 2156 quem
1178 2075 1310 2152 1111185,ί
1322 2071 1408 2138 Mit-

458 2175 572 2252 tetur,’
589 2167 714 2258 inquit,
731 2181 741 2209 ‘
758 2175 967 2252 LondoniaS,
985 2181 1023 2238 ut
1038 2175 1128 2238 sicut
1149 2175 1224 2256 ipse
1243 2175 1405 2255 designa-

459 2275 551 2340 veris
566 2274 762 2338 incidatur.'
803 2274 1032 2356 Respondeas
1043 2275 1097 2337 vir
1114 2273 1182 2337 Dei
1199 2273 1300 2351 dixit,
1316 2278 1326 2307 ‘
1341 2273 1407 2336 Ni·

459 2374 561 2436 miam
574 2392 704 2437 moram
716 2373 858 2437 haberet
875 2393 930 2436 res
945 2373 1025 2449 ista,
1040 2391 1103 2435 nec
1117 2379 1236 2454 posset
1250 2380 1405 2436 ostenta·

460 2472 566 2534 tionis
592 2479 676 2535 nota
696 2490 834 2551 carere3
858 2472 918 2535 sed
939 2473 1001 2548 tu,'
1019 2472 1144 2552 inquit,
1161 2471 1247 2534 ‘bas
1270 2471 1406 2535 forfices

459 2589 575 2632 coram
608 2569 686 2634 Deo
717 2570 947 2653 apprehende,
974 2577 1009 2634 et
1038 2589 1143 2633 manu
1170 2571 1311 2652 propria
1342 2571 1408 2634 boc

459 2687 548 2749 opus
565 2668 707 2732 absolve
718 2670 739 2749 3'
762 2669 924 2752 deditque
944 2670 981 2732 in
1000 2671 1158 2733 manibus
1177 2669 1253 2752 ejus
1271 2660 1406 2733 forfices

461 2767 503 2830 de
522 2767 631 2848 ipsius
647 2767 765 2831 militis
784 2769 885 2832 domo
906 2769 1043 2844 allatae,
1061 2775 1096 2832 et
1113 2768 1214 2832 militi
1230 2769 1407 2832 haesitanti

462 2872 497 2928 et
511 2866 625 2947 ipsum
643 2866 789 2930 delirare
804 2867 1017 2932 existimanti
1034 2866 1096 2944 ait,
1115 2866 1311 2931 ‘Constans
1329 2875 1406 2931 esto

462 2970 497 3030 et
518 2964 596 3028 vide
623 2984 666 3027 ne
689 2966 852 3046 trepides,
873 2985 938 3046 ego
958 2966 1048 3031 vado
1071 2987 1134 3049 pro
1154 2967 1220 3030 hac
1244 2987 1281 3030 re
1305 2985 1408 3030 orare

463 3062 649 3126 Dominum
669 3083 794 3143 meum,
812 3073 848 3129 et
867 3065 1003 3129 interim
1021 3065 1101 3128 huic
1121 3066 1217 3148 operi
1238 3065 1409 3128 fiduciali·

462 3168 515 3225 ter
530 3162 711 3227 incumbe'
735 3164 852 3228 Instat
868 3171 1012 3246 uterque
1027 3164 1138 3240 miles,
1155 3184 1244 3228 unus
1260 3166 1409 3228 orationi

463 3268 498 3324 et
518 3260 607 3324 alter
626 3262 796 3339 incisioni,
814 3271 849 3326 et
872 3270 925 3327 est
945 3282 1031 3344 opus
1050 3263 1085 3325 in
1106 3281 1224 3326 eorum
1248 3265 1409 3326 manibus

463 3367 715 3441 prosperatum,
737 3363 882 3442 putabat
902 3362 993 3425 enim
1013 3363 1111 3425 miles
1129 3382 1198 3425 non
1221 3381 1258 3425 se
1281 3362 1408 3425 ferrum

463 3458 624 3536 incidere,
641 3459 702 3523 sed
716 3479 882 3541 pannum,
895 3461 976 3524 dum
990 3468 1090 3525 tanta
1104 3459 1272 3525 facilitate
1286 3461 1322 3524 in
1340 3461 1409 3524 fer·

464 3575 502 3620 ro
519 3557 652 3620 forfices
667 3559 903 3637 incurrerunt3
931 3560 1003 3636 sed,
1018 3561 1093 3623 viro
1111 3559 1179 3622 Dei
1196 3567 1277 3623 ante
1294 3561 1410 3641 operis

462 3657 789 3723 consummationem
801 3657 846 3720 ab
857 3658 1012 3722 oratione
1024 3655 1193 3734 cessante,
1205 3667 1347 3722 coactus
1357 3667 1412 3723 est

463 3755 507 3816 ab
520 3754 687 3821 incisione
702 3773 849 3820 cessare.
902 3755 1049 3820 Adstitit
1064 3756 1230 3820 Wlfricus
1245 3757 1348 3822 militi
1363 3765 1412 3836 et,

463 3851 613 3933 qualiter
630 3871 685 3920 res
698 3854 893 3935 profecerit,
907 3862 1173 3937 percunctatum
1199 3860 1209 3889 ‘
1224 3856 1343 3933 Bene,'
1358 3858 1412 3919 in-

463 3951 550 4033 quit,
572 3950 774 4030 ‘hactenus
793 3953 854 4016 sed
881 3973 984 4030 nunc,
1003 3961 1036 4017 tc
1059 3954 1277 4029 adveniente,
1297 3962 1412 4037 ruptae

461 4048 597 4114 forfices
622 4051 889 4130 substiterunt3’
921 4059 957 4115 et
983 4052 1054 4129 ille,
1080 4051 1186 4115 ‘Non
1215 4060 1251 4116 te
1272 4063 1413 4117 moveat

498 4221 588 4274 'later
609 4220 698 4292 brea]
721 4225 775 4275 The
793 4225 923 4286 following
949 4225 1003 4276 also
1019 4225 1053 4288 by
1065 4223 1179 4272 Gervase
1196 4223 1278 4272 under
1294 4221 1337 4272 the
1353 4239 1415 4288 year

462 4294 583 4342 anecdota
606 4294 636 4343 of
654 4293 753 4343 Wilirie
781 4295 804 4344 is
827 4295 922 4342 related
952 4297 1025 4354 1146,
1036 4293 1166 4340 collabi.
