3138 5184
455 538 523 604 168,
711 551 846 600 uocum
869 551 917 598 nu
940 550 1149 598 wnunovun

492 738 541 800 Da
555 735 748 800 emanatione
765 735 844 820 repis
861 731 1040 797 Baldawini
1057 731 1254 796 Hierusalem
1269 727 1377 814 atejus

868 833 996 918 pictate.

300 977 422 1016 annot·
510 959 614 1025 Anno
639 958 780 1023 Domini
802 975 863 1021 uc.
890 957 1015 1040 primo,
1033 955 1269 1031 Baldewinus,
1294 973 1414 1018 comes

298 1027 398 1125 32¹2ss
460 1061 658 1124 Edessanus
695 1066 731 1122 et
762 1057 869 1121 srater
902 1057 996 1138 regis
1027 1053 1206 1120 Godefridi
1241 1055 1414 1130 uterinuS,

299 1126 426 1166 'mm'
461 1159 743 1242 Hierosolymam
767 1158 921 1231 veniens,
939 1155 975 1218 in
999 1156 1054 1218 die
1078 1161 1200 1219 sancto
1217 1155 1416 1218 nativitatis

461 1258 654 1322 Dominicae
680 1277 742 1340 per
774 1275 914 1319 manum
939 1253 1147 1338 patriarchae
1171 1247 1347 1317 ¹Diaberti
1375 1253 1413 1315 in

460 1378 577 1439 regem
611 1355 933 1438 Hierosolymorum
967 1355 1130 1418 inunctus
1162 1360 1216 1416 est
1247 1360 1283 1416 et
1313 1353 1416 1433 regio

461 1457 655 1521 diademate
669 1454 859 1520 laureatus
897 1447 1116 1517 ²'l'aucredus
1134 1459 1261 1529 autem,
1276 1451 1330 1515 vir
1347 1471 1414 1514 no-

461 1556 540 1620 bilis
557 1562 593 1619 et
615 1555 708 1618 omui
723 1554 827 1617 laude
844 1551 1081 1634 dignissimae,
1097 1546 1242 1615 ³veteris
1262 1551 1416 1634 injuriae,

461 1655 505 1718 de
522 1674 593 1736 qua
613 1654 771 1736 superius
790 1653 919 1716 dictum
938 1659 1003 1731 est,
1019 1671 1041 1714 a
1058 1650 1260 1715 Baldewino
1274 1650 1349 1732 jam
1374 1652 1412 1713 in

462 1774 577 1836 regem
596 1759 762 1817 coronato
776 1753 842 1816 sibi
857 1751 965 1815 illatae
982 1772 1051 1816 non
1067 1752 1256 1827 immemor,
1271 1757 1417 1832 sumpta

463 1856 506 1918 ab
527 1873 567 1917 eo
591 1852 731 1917 licentia
748 1851 942 1926 recedendi,
961 1851 1111 1914 reddidit
1127 1851 1158 1912 ei
1179 1851 1280 1912 urbes
1295 1849 1415 1930 Tybe-

463 1952 654 2016 riadensem
677 1959 712 2015 et
732 1950 913 2033 Caipham,
936 1970 1024 2031 quas
1050 1970 1095 2013 ex
1116 1949 1207 2012 dono
1229 1948 1320 2029 regis
1339 1947 1418 2011 Go-

418 2100 419 2103 ,
463 2052 585 2116 defridi
612 2058 824 2136 susceperat,
848 2058 882 2113 et
904 2048 1128 2114 Antiochiam
1146 2048 1291 2111 'veniens
1312 2067 1333 2110 a
1350 2067 1417 2129 po-

464 2152 546 2234 pulo
563 2151 715 2216 civitatis
732 2151 878 2232 benigne
893 2156 1075 2230 susceptus
1093 2154 1167 2227 est;
1188 2147 1304 2210 'suerat
1320 2148 1416 2209 enirn

463 2252 568 2334 paulo
594 2257 675 2315 ante
702 2248 926 2314 Boamundus
953 2249 1113 2330 princeps
1138 2246 1289 2310 civitatis
1320 2247 1417 2328 apud

465 2349 711 2427 Meletemiam,
744 2347 1007 2430 Mesopotamiae
1040 2348 1171 2424 urbem,
1198 2365 1221 2409 a
1245 2346 1419 2409 Damsiva

463 2449 579 2512 Turoo
606 2447 755 2531 quodam
784 2454 907 2529 captus
928 2454 963 2511 et
979 2446 1131 2510 nondum
1153 2465 1175 2508 a
1197 2445 1342 2509 vinculis
1372 2445 1416 2507 li-

464 2549 617 2625 beratus,
641 2547 731 2610 unde
749 2552 784 2610 et
799 2546 1001 2610 'Pancredus
1020 2565 1043 2608 a
1058 2545 1270 2628 principibus
1287 2542 1417 2608 Antio-

464 2647 582 2711 chenis
598 2665 691 2728 saepe
708 2653 866 2722 vocatus,
881 2653 921 2709 ut
936 2652 1102 2727 praeesset
1117 2645 1168 2708 eis
1188 2645 1297 2707 donec
1318 2645 1413 2707 Boa-

464 2746 612 2810 mundus
629 2765 650 2808 a
663 2745 811 2809 vinculis
826 2746 1031 2820 solveretur,
1043 2744 1221 2827 adquievit
1235 2744 1416 2826 petitioni-

464 2846 529 2909 bus
547 2864 678 2922 eorum,
692 2851 728 2908 et
745 2851 815 2908 tam
839 2845 934 2908 urbis
951 2863 1055 2926 quam
1078 2844 1229 2925 regionis
1248 2843 1416 2906 adminis-

465 2945 648 3008 trationem
671 2944 835 3027 suscepit.
889 2943 1046 3025 Contigit
1068 2950 1183 3006 autem
1201 2962 1242 3007 eo
1259 2950 1417 3024 tempore

465 3064 580 3125 regem
599 3044 839 3108 Baldewinum
862 3041 885 3105 J
888 3043 1052 3106 ordanem
1068 3042 1225 3118 transire,
1242 3050 1289 3118 ot,
1306 3048 1346 3104 ut
1362 3061 1418 3105 re-

464 3144 607 3224 gionum
632 3133 855 3206 finitimarum
878 3143 1077 3224 exploraret
1098 3142 1245 3218 infirma,
1270 3142 1416 3204 descen·

464 3242 545 3305 dere
572 3243 608 3305 in
634 3242 799 3306 Arabiam
821 3241 1045 3324 ejusdemque
1075 3241 1263 3324 provinciae
1289 3241 1415 3304 intima

464 3341 636 3406 hostiliter
656 3341 889 3425 perlustrare3
913 3341 972 3404 ubi
989 3342 1031 3403 de
1054 3348 1155 3405 nocte
1178 3340 1293 3404 subito
1309 3359 1417 3421 super

464 3441 598 3505 'furcos
621 3459 724 3504 ruens
748 3461 816 3505 non
839 3439 1110 3522 praemeditatos,
1130 3441 1166 3502 in
1188 3439 1272 3521 ipsis
1295 3459 1415 3502 corum

463 3540 695 3604 tabernaculis
718 3539 761 3603 de
783 3540 867 3604 viris
890 3540 1029 3616 multoe,
1052 3540 1214 3602 mulieres
1234 3558 1312 3602 cum
1333 3557 1415 3619 par-

463 3639 554 3702 vulis
570 3639 753 3715 universis,
769 3646 805 3703 et
817 3658 951 3703 omnem
967 3657 1086 3701 eorum
1102 3639 1331 3700 substantiam
1348 3637 1416 3699 sibi

463 3738 544 3801 fecit
571 3739 607 3800 in
633 3738 798 3819 praedam,
825 3737 965 3801 trahens
987 3757 1104 3800 secum
1130 3736 1242 3820 spolia
1266 3735 1416 3814 infinita,

461 3836 671 3900 camelorum
707 3857 843 3920 quoque
876 3847 911 3901 et
947 3837 1120 3900 asinorum
1159 3835 1416 3898 multitudinem

461 3936 674 4015 inauditam;
706 3937 772 4000 viri
798 3944 926 4012 autem,
950 3935 1136 4000 velocitate
1166 3955 1333 4017 equorum
1358 3935 1415 3998 fu·

497 4117 506 4151 ¹
523 4121 648 4192 Diqberti.
661 4123 672 4186 ]
701 4123 844 4184 Daimbert,
865 4121 924 4171 who
985 4119 1163 4185 ²ll'oncredus.]
1176 4123 1246 4172 Will.
1254 4123 1314 4184 Tyr.
1322 4138 1348 4184 p.
1358 4127 1420 4186 781,

460 4190 545 4240 before
577 4192 617 4240 his
642 4193 749 4242 election
783 4193 833 4241 bad
860 4193 923 4241 been
950 4207 999 4254 seq.

461 4260 613 4322 arobbisbop
630 4261 659 4310 oi
673 4263 752 4324 Pisa;
770 4262 801 4312 he
819 4263 879 4311 died
897 4263 923 4311 in
985 4259 995 4290 ³
1011 4260 1106 4310 Veteris
1118 4260 1237 4324 injuria]
1249 4263 1345 4324 ‘Apud
1353 4263 1419 4312 Tar-

462 4333 534 4379 1107.
949 4345 1004 4380 sum
1018 4331 1117 4380 Ciliciae
1127 4331 1148 4390 3’
1165 4333 1235 4381 Will.
1247 4332 1307 4392 Tyr.
