3144 5180
299 1083 377 1122 Lissos

460 542 526 606 346
711 559 846 606 aocnnr
874 559 921 606 ns
944 559 1152 608 wernovnn

509 788 601 864 Quod
611 798 736 856 sanctos
753 789 907 854 (ledricus
921 789 1010 876 opud
1022 787 1330 873 Fibuloleserarom
1342 797 1369 853 et

463 917 465 922 ’
698 889 884 974 serpentium
896 889 995 953 socius
1009 886 1172 954 dubitauit.
1195 886 1202 900 ’

300 1032 355 1072 no.
367 1031 422 1072 nro.
513 1009 710 1077 Advertens
725 1011 833 1096 igitur
847 1019 962 1077 mente
976 1011 1073 1094 ,quod
1094 1010 1221 1074 ibidem
1238 1018 1330 1077 esset
1341 1011 1412 1076 Do-

299 1133 409 1172 seooo.
462 1111 555 1175 mino
580 1111 784 1189 serviturus,
804 1111 847 1174 de
876 1111 1018 1174 licentia
1044 1104 1254 1191 ¹Rauulphi,
1279 1109 1412 1176 Dunel-

462 1210 588 1273 mensis
611 1211 776 1292 episcopi,
797 1210 906 1293 juxta
928 1211 1039 1292 ripam
1056 1208 1155 1273 Weri
1179 1208 1329 1271 fluminis
1354 1228 1413 1272 ca-

461 1309 574 1372 sulam
592 1310 785 1392 composuit
799 1309 836 1372 in
850 1315 944 1373 terra
961 1308 1146 1386 defossam,
1162 1296 1266 1390 quam
1282 1309 1414 1389 cespite

461 1410 629 1485 contexit,
647 1417 683 1472 et
701 1409 807 1490 coepit
826 1409 874 1471 ibi
889 1408 1058 1485 babitare,
1068 1409 1279 1489 serpentium
1295 1407 1410 1470 socius

462 1514 497 1571 et
522 1507 692 1587 serarum3
726 1526 854 1589 magna
875 1507 1013 1590 quidem
1037 1515 1073 1570 et
1094 1506 1267 1571 horribilis
1289 1505 1412 1570 aderat

461 1607 672 1687 serpentium
695 1606 893 1684 multitudo,
915 1606 1115 1670 mitissimas
1136 1625 1174 1670 se
1196 1613 1312 1670 tamen
1336 1605 1411 1669 viro

463 1705 530 1768 Dei
559 1705 819 1788 palpabilesque
842 1713 878 1768 et
899 1706 1009 1788 ipsius
1036 1707 1312 1787 obtemperantes
1334 1704 1412 1787 jus-

461 1805 616 1868 sionibus
639 1805 859 1869 exbibebant.
899 1804 1159 1886 Nonnunquam
1174 1823 1269 1880 vero,
1292 1823 1333 1868 eo
1355 1822 1411 1866 se-

462 1903 564 1966 dente
585 1903 631 1966 ad
657 1904 785 1986 ignem,
810 1924 847 1968 se
871 1905 963 1968 iuter
986 1905 1096 1987 ipsius
1120 1904 1223 1967 tibias
1246 1901 1412 1966 extende-

462 2003 559 2079 bant,
583 2009 620 2066 et
644 2004 852 2085 quandoque
873 2004 911 2067 in
935 2003 1032 2067 disco
1057 2003 1174 2085 aliquo
1200 2002 1255 2066 vel
1280 2001 1413 2084 scypho

462 2102 610 2165 rotundo
628 2121 665 2165 se
681 2103 856 2166 schemate
872 2103 1136 2184 componebant.
1168 2100 1323 2183 Cumque
1337 2100 1413 2164 baec

462 2201 563 2264 anuis
588 2201 760 2282 aliquibus
784 2201 993 2284 pertulisset,
1011 2202 1124 2266 visum
1142 2208 1195 2264 est
1219 2200 1298 2277 sibi,
1318 2199 1412 2281 quod

462 2300 539 2383 ejus
553 2301 727 2364 orationes
746 2300 1001 2383 impediebant3
1028 2307 1063 2365 et
1086 2300 1140 2363 die
1163 2299 1414 2381 quodamillos

462 2400 566 2464 solito
587 2419 682 2463 more
702 2401 876 2482 reperiens
893 2399 1013 2483 jussit,
1036 2419 1079 2462 ne
1102 2398 1250 2480 amplius
1272 2397 1411 2460 domum

462 2516 559 2560 suam
590 2500 773 2575 intrarent,
805 2506 840 2562 et
872 2518 955 2562 mox
987 2505 1099 2562 totum
1129 2497 1215 2560 illud
1245 2497 1413 2560 vermium

462 2615 571 2676 genus
597 2597 647 2659 ita
674 2596 844 2675 discessit,
869 2598 961 2679 quod
986 2617 1049 2660 nec
1074 2598 1167 2661 ultra
1190 2614 1282 2660 oasae
1307 2595 1413 2660 limen

463 2695 610 2757 transire
626 2698 855 2779 praesumpsit.
892 2697 1042 2759 Munera
1058 2715 1196 2778 qnoque
1212 2695 1278 2760 sibi
1293 2695 1413 2760 oblata

461 2792 564 2874 plane
592 2795 723 2876 respuit
748 2803 785 2860 et
811 2797 952 2872 cibaria,
977 2794 1021 2858 de
1049 2795 1223 2860 laboribus
1246 2813 1412 2859 manuum

461 2892 579 2958 vivere
601 2892 788 2975 disponens
810 2913 924 2958 ramos
947 2901 983 2957 et
1004 2893 1137 2958 radices
1160 2894 1343 2957 herbarum
1369 2894 1407 2956 in

462 2991 593 3054 cineres
611 2992 756 3073 redegit,
774 3013 861 3075 quos
876 3013 955 3056 cum
969 2993 1082 3056 farina
1103 2992 1222 3056 hordei
1244 2993 1295 3058 ita
1317 3011 1410 3056 corn-

462 3090 611 3168 miscuit,
635 3098 674 3154 nt
698 3099 832 3174 partem
854 3093 993 3156 tertiam
1017 3093 1148 3156 cineres
1169 3092 1408 3169 continerent;

460 3189 610 3253 insultus
643 3191 795 3255 libidinis
826 3191 1023 3274 lachrymis,
1045 3191 1175 3272 vigillis
1207 3190 1348 3254 arcebat
1376 3197 1413 3254 et

457 3288 614 3372 jejuniis,
636 3290 687 3354 ita
708 3291 801 3373 quod
823 3291 1025 3373 plerumque
1047 3309 1110 3373 per
1132 3309 1195 3354 sex.
1212 3289 1286 3354 dies
1303 3289 1412 3355 absti-

461 3395 558 3452 neret
579 3409 601 3454 a
630 3389 718 3454 cibo.
786 3389 874 3453 Post
894 3389 999 3453 fortia
1024 3389 1173 3454 luxuriae
1197 3393 1413 3452 tentamenta

461 3494 607 3551 conatus
622 3495 676 3553 est
694 3509 771 3552 eum
789 3489 959 3565 diabolus,
981 3508 1073 3552 nunc
1090 3505 1262 3570 apparens
1275 3487 1312 3552 in
1326 3505 1410 3552 urso

461 3585 517 3648 vel
534 3585 645 3663 le'one,
662 3589 804 3651 nuncin
826 3594 927 3652 tauro
944 3588 1001 3652 vel
1021 3588 1116 3670 lupo,
1139 3607 1230 3650 nunc
1252 3586 1289 3649 in
1306 3586 1411 3667 vulpe

460 3684 516 3747 vel
539 3685 678 3763 bufone,
702 3695 840 3763 terrere,
863 3687 923 3750 sed
946 3687 1005 3752 ille
1027 3687 1127 3751 sortis
1145 3687 1181 3749 in
1201 3685 1269 3748 fide
1292 3686 1411 3751 omnia

460 3787 723 3865 contemnebat3
754 3792 793 3849 ut
813 3794 930 3849 autern
950 3786 1064 3851 carnis
1086 3784 1246 3848 incendia
1266 3803 1408 3865 snpera-

460 3889 525 3959 ret,
540 3883 652 3948 cilicio
670 3903 809 3948 carnem
824 3885 1009 3948 edomabat
1026 3885 1226 3966 asperrimo,
1244 3889 1281 3946 et
1301 3883 1411 3948 lorica

460 4000 522 4062 per
551 3984 804 4064 quinquaginta
834 4002 1003 4047 annorum
1032 3983 1205 4048 curricula
1231 3983 1406 4048 utebatur.

462 4079 627 4161 Lapidem
649 4081 757 4145 latum
783 4081 903 4145 babuit
926 4102 988 4164 pro
1016 4101 1147 4158 mensa,
1176 4100 1280 4162 super
1307 4100 1408 4162 quem

493 4254 920 4317 ¹Runulpbi.]Flambard;hewas
947 4258 1019 4316 1⁰99,
1036 4255 1087 4302 end
1103 4254 1164 4302 died
1180 4255 1295 4304 in1129.
1330 4253 1409 4316 Angl.

460 4323 623 4374 consecrated
640 4339 672 4371 on
690 4324 732 4372 the
749 4325 792 4372 oth
810 4324 839 4372 of
851 4325 920 4373 June
945 4324 1015 4373 Sacr.
1028 4325 1045 4372 i.
1055 4339 1082 4384 p.
1094 4328 1151 4374 705.
