3178 5194
403 555 539 604 rnonns
563 555 833 604 nrsroumnun.
1029 540 1094 604 355

139 711 230 776 dixit
247 711 293 774 ad
311 731 440 794 regem,
463 711 532 776 ‘In
546 711 676 777 honore
694 711 762 776 Dei
776 731 839 777 vos
853 713 1013 791 osculor,’
1030 735 1092 780 rex
1105 730 1160 771 Ab·
1171 730 1228 771 ¹1⁷⁰-

139 811 283 875 recessit
310 813 354 874 ab
382 811 501 876 osculo
528 813 629 894 qnasi
652 811 930 877 conditionaliter
954 814 1092 878 involu-

139 917 208 986 tus,
226 928 310 974 nam
330 929 392 974 rex
408 929 546 993 semper
564 912 601 974 in
616 910 731 975 verbis
748 911 998 995 archiepiscopi
1013 931 1092 978 con·

139 1008 321 1075 scientiam
352 1009 512 1074 habentis
544 1009 765 1091 purissimam
798 1010 968 1092 quasdam
999 1011 1091 1076 clau-

138 1107 235 1170 sulas
255 1109 478 1185 causabatur,
494 1108 667 1186 videlicet,
687 1127 779 1172 nunc
802 1102 829 1142 ¹‘
844 1109 943 1174 salvo
962 1109 1092 1174 honore

142 1207 233 1282 Dei,’
257 1227 351 1272 nunc
367 1212 377 1241 ‘
391 1208 490 1272 salvo
512 1207 630 1272 ordine
651 1205 751 1284 meo,'
771 1226 862 1271 nunc
884 1208 1009 1274 ‘salva
1026 1209 1093 1273 fide

141 1305 244 1385 Dei;'
273 1306 553 1389 archiepiscopus
576 1325 658 1371 vero
685 1306 777 1388 regis
796 1307 951 1370 cautelas
973 1307 1094 1372 habuit

139 1423 277 1487 semper
292 1413 486 1488 suspectas,
501 1425 554 1483 ne,
572 1406 603 1468 si
620 1405 839 1469 concordiam
853 1405 1010 1470 absolute
1027 1406 1092 1469 iui-

140 1509 206 1580 ret,
221 1504 360 1587 iniquas
376 1504 517 1586 Angliae
534 1504 802 1568 consuetudines
819 1505 893 1588 regi
907 1505 1093 1570 concedere

141 1601 327 1668 videretur.

160 1773 212 1837 De
225 1773 492 1859 wncordlofocto
508 1774 590 1838 inter
605 1794 703 1860 repom
721 1776 897 1842 Horreum
911 1783 939 1840 et
954 1773 1074 1842 teatrum

261 1873 419 1951 nomam,
437 1873 689 1938 Oantuurr'ensom
706 1874 978 1960 archiepiscopat.

194 1989 456 2060 Convenerunt²
470 1994 595 2060 iterum
611 2015 674 2060 rex
690 1997 903 2061 Francorum
917 2015 996 2060 cum
1011 2016 1094 2078 rege
1106 2014 1235 2054 menene-

140 2091 340 2175 Anglorum
356 2102 392 2159 et
405 2093 595 2171 Willelmo,
616 2095 806 2160 Senonensi
824 2095 1094 2179 archiepiscopo,
1104 2065 1223 2204 Ξῗιῗζὲἷιῗ

142 2199 180 2255 et
200 2185 381 2274 ³episcopo
403 2192 626 2271 Nivernensi,
650 2196 743 2277 apud
765 2195 1093 2274 Fractam-vallem3
1125 2175 1148 2204 ⁸⁰
1164 2175 1193 2202 θ’

140 2310 219 2354 cum
244 2298 361 2356 autem
382 2311 446 2358 rex
467 2300 503 2357 et
524 2291 804 2378 archiepiscopus
826 2296 861 2358 in
885 2301 1018 2378 partem
1040 2313 1095 2358 se-

141 2390 343 2468 cessissent,
360 2391 482 2474 bisque
501 2390 759 2458 descendissent
780 2402 815 2458 et
834 2394 887 2457 bis
907 2412 1014 2476 equos
1038 2411 1094 2459 as.-

141 2487 353 2567 cendissent,
375 2491 429 2555 bis
451 2490 613 2572 stapham
635 2491 884 2575 archiepiscopi
905 2512 968 2580 rer}
984 2491 1095 2556 tenuit

141 2607 223 2652 cum
245 2607 371 2671 equum
394 2589 629 2668 ascendisset;
653 2591 713 2655 sed
735 2591 874 2655 tandem
897 2590 988 2673 apud
1009 2589 1094 2654 Am·

141 2686 293 2764 barium,
315 2695 522 2770 procurante
549 2687 719 2767 Rotrodo,
740 2688 1015 2771 Rothomagensi
1038 2708 1094 2752 ar·

141 2785 374 2868 chiepiscopo,
389 2805 452 2850 rex
466 2793 502 2851 et
519 2785 685 2868 Thomas,
703 2788 981 2871 archiepiscopus
1002 2787 1095 2851 Cam

143 2885 342 2961 tuariensis,
366 2885 586 2950 concordiam
606 2887 769 2963 inierunt,
792 2894 839 2963 et,
864 2905 950 2969 pace
970 2887 1095 2950 confir-

143 2990 253 3060 mata,
267 3003 331 3050 rex
346 2983 522 3048 Henricus
539 2985 678 3066 scripsit
695 2984 851 3050 Henrico
868 2986 940 3050 filio
957 3003 1021 3049 suo
1036 3005 1096 3048 no-

144 3101 192 3145 vo
209 3082 282 3164 regi
299 3081 419 3146 literas
435 3083 472 3146 in
488 3082 563 3150 haec
577 3085 703 3164 verba3
728 3084 874 3149 ‘Sciatis
893 3083 985 3167 quod
1003 3084 1097 3146 Tho-

143 3199 233 3258 mas,
257 3181 518 3246 cantuariensis
546 3182 838 3266 archiepiscopns,
872 3202 992 3266 pacem
1025 3201 1096 3245 me·

144 3298 226 3344 cum
240 3279 322 3344 fecit
336 3280 381 3344 ad
397 3280 615 3346 voluntatem
633 3301 757 3358 meam,
773 3289 809 3346 et
823 3282 901 3346 ideo
918 3281 1094 3364 praecipio,

143 3386 186 3442 ut
200 3378 276 3460 ipse
289 3386 325 3442 et
339 3399 458 3444 omnes
473 3380 528 3443 sui
542 3399 662 3462 pacem
678 3380 845 3460 habeant3
864 3387 899 3445 et
913 3380 1049 3445 faciatis
1064 3380 1097 3443 ei

144 3477 273 3541 habere
289 3484 325 3542 et
335 3479 420 3556 suis,
434 3479 493 3560 qui
509 3498 571 3560 pro
589 3499 631 3544 eo
646 3481 805 3544 exierunt
816 3481 860 3545 ab
873 3479 1013 3561 Anglia,
1026 3499 1097 3543 om·

145 3594 209 3639 nes
228 3595 282 3640 res
303 3595 385 3640 suas
406 3579 494 3643 bene
513 3585 549 3644 et
570 3577 607 3647 in
627 3598 713 3661 pace
735 3587 771 3644 et
792 3578 990 3654 honorifice,
1008 3578 1098 3641 sicut

144 3674 344 3740 babuerunt
367 3677 478 3740 tribus
505 3679 680 3742 mensibus
708 3685 892 3760 autequam
910 3678 1031 3746 ,exiret
1054 3678 1098 3741 ab

145 3771 296 3855 Anglia;
316 3781 351 3838 et
365 3775 502 3838 faciatis
518 3776 636 3841 venire
651 3797 767 3842 coram
783 3777 881 3842 vobis
895 3777 938 3840 de
953 3775 1099 3839 meliori·

144 3874 212 3936 bus
230 3880 265 3936 et
281 3874 533 3956 antiquioribus
551 3875 717 3942 militibus
731 3876 774 3940 de
791 3877 920 3940 honore
935 3875 978 3938 de
995 3868 1099 3939 *Salt-

184 4047 192 4078 ¹
204 4048 301 4112 θωνα]
319 4051 443 4112 Compare
462 4051 613 4114 Quadrilog.
637 4052 799 4102 instructions
811 4052 884 4114 given
895 4049 962 4098 them
974 4049 1007 4108 by
1018 4049 1100 4096 Bech-

144 4133 191 4181 pp.
203 4122 245 4180 95,
258 4123 315 4169 101.
639 4127 674 4183 et,
690 4122 717 4169 in
734 4135 750 4170 a
765 4123 839 4170 letter
851 4119 950 4168 written
967 4119 1001 4180 by
1012 4118 1063 4165 him
1074 4121 1101 4165 to

182 4185 410 4252 ’Conuenerunt.]
439 4189 542 4254 niceto,
566 4192 614 4241 col.
639 4191 682 4240 the
704 4190 794 4251 bishop
814 4189 843 4238 of
862 4189 961 4238 Nevers
984 4187 1065 4236 under
1085 4201 1102 4234 a

144 4263 206 4309 ⁵52.
640 4261 742 4322 reigned
752 4274 840 4318 nome;
857 4259 902 4308 lib.
913 4273 939 4307 v.
950 4273 992 4318 ep.
1003 4257 1049 4306 xii.

183 4325 319 4392 'Episcopo
329 4325 502 4398 triremem]
515 4330 563 4379 See
574 4331 617 4380 the
675 4327 684 4358 ⁴
694 4329 838 4391 aarum]
854 4322 1000 4388 ‘Soitwde,’
1011 4328 1041 4375 G.

928 4416 998 4461 2η
