3178 5194
487 548 552 613 toa
745 565 880 613 uocum
904 567 950 613 nn
974 566 1181 614 wunnovrn

327 738 450 780 anum·
489 743 558 789 non
580 731 635 788 est
656 741 839 805 generans,
861 741 973 804 neque
996 721 1126 803 genita,
1151 738 1214 784 nec
1238 721 1439 802 procedens

490 823 622 888 Contra
650 822 740 887 hanc
770 823 996 887 assertionem
1024 821 1188 903 opposuit
1215 821 1323 884 abbas
1351 840 1441 903 prae·

489 923 594 1000 satus,
605 922 697 1005 quod
713 942 782 986 non
799 929 871 986 tam
882 922 1072 985 trinitatem
1090 920 1292 985 adstruebat
1301 920 1339 983 iu
1352 921 1441 1000 Deo,

489 1041 594 1105 quam
621 1023 902 1104 quaternitatem,
927 1027 998 1084 tres
1024 1019 1186 1084 videlicet
1210 1039 1376 1101 personas
1405 1029 1441 1087 et

490 1122 585 1184 illam
611 1141 825 1186 communem
849 1121 1034 1184 essentiam
1059 1120 1159 1202 quasi
1183 1126 1344 1201 quartam
1366 1141 1441 1184 ma-

490 1220 615 1285 nifeste
642 1228 860 1304 protestans3
889 1220 981 1302 quod
1005 1219 1102 1284 nulla
1127 1238 1182 1283 res
1208 1226 1264 1283 est
1290 1239 1369 1301 quae
1393 1221 1440 1284 sit

491 1319 600 1385 Pater
616 1327 652 1384 et
670 1321 780 1384 Filius
797 1327 833 1384 et
849 1319 998 1402 Spiritus
1015 1319 1177 1396 Sanctus,
1194 1338 1259 1382 nec
1277 1319 1439 1397 essentia,

489 1439 553 1484 neo
582 1421 791 1498 substantia,
815 1440 879 1483 nec
907 1427 1045 1496 natura,
1074 1418 1234 1501 quamvis
1258 1419 1438 1497 concedat,

490 1519 582 1601 quod
614 1519 721 1584 Pater
746 1526 781 1584 et
808 1519 919 1584 Filius
944 1526 980 1583 et
1005 1518 1154 1601 Spiritus
1182 1517 1330 1582 Sanctus
1354 1527 1438 1583 sunt

489 1637 560 1682 una
579 1619 742 1696 essentia,
763 1638 833 1682 una
854 1619 1062 1695 substantia,
1085 1625 1120 1682 et
1140 1635 1210 1680 una
1231 1625 1377 1696 natura;
1402 1626 1440 1683 et

489 1717 580 1783 hanc
604 1737 704 1782 suam
730 1719 954 1782 assertionem
975 1718 1067 1781 idem
1090 1716 1113 1781 J
1117 1716 1249 1780 oachim
1275 1715 1329 1780 his
1357 1737 1438 1799 quae

489 1825 683 1900 sequuntur
715 1816 979 1882 auctoritatibus
1011 1816 1170 1893 affirmat,
1196 1815 1311 1880 ‘Tres
1342 1824 1438 1894 sunt,

488 1919 548 1999 qui
567 1918 800 1982 testimonium
821 1917 906 1981 dant
924 1916 1075 1994 incaelo,
1094 1916 1212 1993 Pater,
1229 1915 1385 1980 Verbum
1403 1925 1439 1982 et

488 2015 639 2100 Spiritus
661 2017 822 2092 Sanctus,
843 2024 878 2081 et
899 2016 946 2081 hii
969 2023 1039 2080 tres
1059 2021 1169 2080 'unum
1186 2022 1287 2095 sunt;
1312 2023 1348 2080 et
1367 2022 1437 2080 tres

488 2123 583 2193 sunt,
613 2118 673 2199 qui
706 2117 938 2181 testimonium
971 2115 1056 2180 dant
1077 2115 1113 2179 in
1146 2121 1250 2192 terra,
1281 2116 1437 2198 spiritus,

488 2235 581 2298 aqua
603 2223 638 2280 et
663 2217 820 2298 sanguiS,
843 2215 946 2280 ethii
969 2222 1040 2279 tres
1064 2235 1170 2278 unum
1197 2215 1319 2295 sunt3'
1340 2215 1435 2293 item,

488 2315 614 2394 ‘Volo,
633 2315 752 2394 Pater,
768 2323 808 2380 ut
824 2316 895 2380 sint
911 2335 1017 2378 unum
1036 2316 1072 2378 in
1088 2314 1201 2391 nobis,
1217 2315 1308 2379 sicut
1322 2322 1357 2378 et
1373 2335 1436 2379 nos

487 2435 596 2478 unum
614 2417 755 2479 sumus?
809 2415 909 2480 Unde
928 2414 1077 2493 videtur,
1096 2414 1190 2497 quod
1207 2432 1301 2497 saepe
1323 2414 1436 2479 dictus

486 2513 510 2576 J
513 2515 647 2579 oachim
673 2514 870 2600 hujusmodi
887 2515 1055 2578 unitatem
1074 2534 1144 2577 non
1160 2532 1280 2578 veram
1301 2520 1337 2578 et
1354 2535 1434 2597 pro-

485 2615 609 2695 priam,
636 2614 696 2678 sed
729 2615 830 2696 quasi
858 2615 1074 2678 collectivam
1100 2621 1136 2678 ct
1162 2613 1435 2678 similitudinari-

485 2731 541 2774 am
565 2731 640 2776 esse
663 2713 825 2790 fateatur,
848 2714 1135 2796 quemadmodum
1158 2712 1259 2776 multi
1279 2713 1434 2777 homines

485 2811 647 2876 dicuntur
668 2832 758 2876 unus
781 2813 943 2896 populus,
966 2820 1002 2878 et
1024 2813 1124 2876 multi
1145 2812 1261 2876 fideles
1283 2831 1354 2875 una
1376 2832 1433 2876 ec-

483 2907 600 2976 clesia.

512 3082 699 3169 Qnodpnpo
715 3085 915 3150 Innocentius
929 3083 1065 3152 libellam
1079 3085 1225 3151 Joocbn'nn
1239 3085 1411 3151 domnonia

533 3206 638 3272 Stetit
663 3216 778 3273 autem
809 3209 884 3273 haec
915 3209 1182 3274 indeterminata
1209 3210 1390 3274 altercatio
1411 3229 1433 3274 a
1526 3195 1535 3210 '

321 3333 359 3362 con
376 3335 460 3365 smne.
482 3306 603 3371 diebus
628 3306 822 3373 Alexandri
846 3329 948 3392 papae
976 3329 1087 3392 usque
1114 3311 1151 3373 in
1181 3317 1338 3393 tempora
1371 3311 1431 3374 In-

482 3408 633 3471 nocentii
654 3426 755 3491 papae
779 3428 841 3491 per
863 3427 974 3473 annos
997 3410 1137 3486 multos,
1158 3409 1357 3474 sedentibus
1379 3411 1432 3472 in·

481 3511 608 3570 tereos
625 3507 662 3570 in
677 3507 841 3579 cathedra
856 3507 1018 3572 Romana
1036 3507 1157 3586 Lucio,
1172 3508 1329 3584 Urbano,
1344 3509 1432 3573 Gre-

481 3606 589 3685 gorio,
604 3605 781 3672 Clemente
796 3615 832 3671 ct
848 3607 1050 3686 Caelestino,
1065 3608 1287 3691 pontificibus
1299 3608 1431 3673 Roma-

480 3705 554 3783 nis;
578 3706 702 3787 quibus
725 3706 913 3771 succedens
936 3707 1161 3773 Innocentius
1183 3709 1320 3785 tertius,
1338 3723 1431 3772 anno

481 3802 623 3867 Domini
651 3806 833 3870 millesimo
861 3807 1096 3871 ducentesimo
1129 3808 1262 3872 decimo
1296 3809 1430 3891 quinto,

482 3893 605 3967 Romae
622 3906 783 3986 generale
797 3906 979 3970 concilium
995 3908 1185 3984 celebrans,
1200 3907 1354 3971 libellum
1369 3909 1439 3971 ab-

479 4000 571 4067 batis
599 4002 622 4067 J
625 4004 773 4084 oachim,
799 4025 901 4089 quem
927 4014 1048 4071 contra
1075 4006 1219 4070 Petrum
1241 4013 1276 4071 et
1301 4007 1430 4071 articu-

478 4100 548 4163 lum
577 4103 732 4169 ediderat
759 4105 975 4186 praedictum,
1001 4107 1056 4169 his
1083 4106 1198 4171 verbis
1227 4105 1428 4186 damnavit3

476 4197 618 4278 ‘N0s,’¹
641 4203 767 4286 inquit,
796 4209 922 4268 ‘sacro
946 4211 982 4269 et
1003 4206 1191 4269 universali
1214 4207 1429 4294 approbante

701 4368 793 4434 ¹Noo.]
806 4372 935 4435 Harduin,
946 4375 1007 4422 tom.
1019 4373 1064 4422 vii.
1076 4373 1124 4422 col.
1138 4376 1178 4422 17.
