3138 5184
441 554 507 618 182
696 571 831 618 socam
857 571 903 618 on
926 571 1134 619 wnunovna

280 748 335 787 an.
348 747 403 787 noe.
442 749 543 793 verso
560 729 694 796 irruens
711 747 787 792 eam
804 735 965 810 potenter
980 725 1116 804 diffidit,
1134 735 1169 790 et
1186 725 1276 790 mole
1295 745 1397 806 mag-

444 828 611 892 nitudinis
641 847 807 910 oppressa
840 847 927 909 gens
952 826 1050 890 duois
1078 826 1249 891 dissoluta
1276 833 1330 890 est
1359 832 1400 888 et

438 928 547 993 victe.
609 927 653 991 In
676 927 741 991 hoo
759 946 862 1009 opere
879 926 1097 1008 potissimum
1114 925 1308 990 laudandus
1327 923 1399 988 suit

443 1026 641 1090 Willelmus
659 1026 701 1091 de
721 1023 902 1102 Albeneio,
924 1025 1037 1102 Brito,
1053 1024 1113 1108 qui
1128 1024 1244 1106 gladio
1260 1023 1398 1088 discur-

445 1145 524 1189 rens
554 1127 645 1188 inter
676 1126 768 1190 acies
799 1131 959 1189 extracto
992 1124 1073 1187 belli
1105 1125 1282 1210 negotium
1312 1141 1397 1186 con-

446 1224 643 1289 summavit.
696 1223 801 1305 Capti
821 1229 903 1286 sunt
930 1224 1049 1304 itaque
1070 1222 1144 1286 dux
1173 1221 1400 1285 Normanno-

446 1344 522 1387 rum
540 1323 747 1387 fortissimus
770 1328 805 1386 et
827 1322 948 1386 consul
971 1321 1158 1386 Moretonii
1174 1320 1396 1400 Willelmus;

448 1422 624 1486 Robertus
649 1442 732 1486 vero
755 1421 798 1485 de
824 1421 1007 1486 Beleasmo
1024 1420 1108 1502 fuga
1134 1421 1200 1484 sibi
1217 1419 1398 1484 consuluit

447 1540 525 1584 oum
542 1521 725 1603 complices
742 1527 897 1584 retentos
917 1519 1112 1602 conspexit.
1151 1513 1211 1583 ¹In
1228 1518 1294 1582 hoo
1305 1537 1398 1602 quo·

447 1638 514 1700 que
542 1620 635 1683 sacto
663 1619 812 1684 reddidit
842 1620 939 1682 Deus
963 1619 1073 1683 vicem
1097 1617 1265 1695 Roberto,
1290 1637 1400 1699 quem

447 1737 525 1781 cum
541 1718 578 1780 in
599 1719 734 1782 uatibus
755 1717 1086 1800 Hierosolymitanis
1108 1716 1295 1798 gloriosum
1315 1717 1398 1780 red-

447 1816 603 1893 didisset,
638 1817 794 1882 oblatum
832 1816 898 1880 sibi
932 1817 1064 1898 respuit
1094 1835 1250 1898 regnum,
1280 1817 1399 1896 magis

447 1914 579 1997 eligens
608 1916 716 1998 quieti
742 1923 777 1978 et
802 1914 944 1979 desidiae
972 1916 1007 1978 in
1035 1914 1251 1978 Normannia
1277 1914 1398 1979 deser-

447 2014 533 2091 vire,
562 2033 666 2097 quam
700 2015 851 2079 Domino
877 2033 998 2095 regum
1025 2014 1177 2079 omnium
1205 2015 1241 2076 in
1270 2020 1399 2079 saneta

447 2113 588 2177 civitate
614 2113 786 2178 famulari.
838 2112 882 2177 In
908 2112 1011 2196 hujus
1035 2113 1086 2176 rei
1111 2113 1248 2194 signum
1272 2113 1399 2177 eodem

447 2230 539 2276 anno
566 2206 720 2277 ²cometa
747 2219 969 2294 apparuerat,
993 2231 1016 2275 a
1041 2212 1114 2276 sole
1136 2212 1269 2278 distans
1292 2214 1398 2295 quasi

447 2312 564 2375 cubito
589 2331 670 2388 uno,
686 2313 731 2375 ab
753 2311 840 2375 hora
856 2311 961 2374 tertia
986 2330 1096 2395 usque
1121 2311 1165 2377 ad
1189 2310 1308 2375 horam
1331 2330 1399 2374 no-

445 2429 538 2485 nam,
557 2410 692 2473 radium
713 2429 758 2472 ex
780 2429 818 2473 se
837 2409 981 2491 longum
998 2411 1177 2489 emittens3
1206 2411 1291 2475 visae
1311 2419 1398 2474 sunt

447 2509 549 2570 etiam
574 2508 610 2569 in
630 2527 731 2571 coena
754 2508 896 2572 Domini
911 2509 1003 2572 lunae
1026 2509 1116 2573 binae
1133 2516 1171 2574 et
1182 2508 1307 2590 plenae,
1322 2529 1399 2574 una

449 2606 485 2668 in
512 2606 644 2669 oriente
676 2614 712 2670 et
739 2607 850 2671 ultera
874 2608 911 2671 in
940 2607 1128 2672 occidente.
1179 2607 1305 2690 Sicque
1328 2609 1399 2671 im·

445 2703 578 2786 pletum
607 2712 673 2782 est,
702 2705 796 2787 quod
825 2725 887 2769 rex
913 2705 1111 2770 Willelmus
1139 2705 1295 2770 Henrioo
1321 2707 1398 2774 filio

447 2822 510 2866 suo
535 2804 684 2867 moriens
706 2804 818 2883 dixit3
841 2824 922 2868 num
942 2825 1020 2869 cum
1039 2806 1195 2870 Roberto
1218 2805 1399 2873 Norman-

446 2902 538 2964 niam
555 2908 591 2965 et
607 2901 783 2966 Willelmo
806 2901 971 2986 Angliam
994 2905 1140 2986 legaret,
1156 2925 1234 2968 cum
1253 2893 1397 2990 lachry-

446 3001 511 3063 mis
525 3000 569 3063 ud
585 3009 719 3083 patrem
736 3003 798 3078 ait,
815 3001 884 3067 ‘Et
898 3003 994 3079 mihi,
1010 3011 1121 3086 pater,
1135 3003 1218 3087 quid
1231 3004 1399 3068 tribuisi'

446 3098 502 3161 cui
517 3106 637 3181 pater3
656 3099 839 3183 ‘Quinque
855 3101 962 3168 millia
978 3103 1084 3166 libras
1106 3103 1241 3184 argenti
1257 3102 1299 3167 de
1316 3103 1398 3166 the-

446 3197 559 3260 samis
585 3200 671 3263 meis
695 3200 758 3263 tibi
782 3199 827 3263 do
839 3200 860 3279 3’
889 3200 932 3263 ad
957 3200 1032 3265 haec
1056 3199 1252 3280 Henricus3
1277 3201 1397 3280 ‘Quid

445 3296 568 3360 faciam
601 3297 644 3361 de
672 3298 848 3375 thesauro,
875 3299 905 3362 si
928 3299 1042 3364 locum
1068 3300 1292 3364 habitationis
1321 3321 1397 3370 uon

446 3394 597 3459 habuero
607 3396 638 3459 i'
654 3397 711 3460 cui
726 3417 809 3475 rex3
827 3398 1059 3479 ‘AEquanimis
1074 3405 1162 3476 esto,
1180 3398 1242 3476 fili,
1255 3407 1292 3463 et
1307 3419 1397 3464 con-

444 3493 573 3558 fortare
596 3495 633 3556 in
661 3495 832 3575 Domino;
855 3496 998 3578 pacifice
1024 3499 1169 3574 sustine,
1198 3505 1238 3560 ut
1266 3497 1396 3564 fratres

444 3593 497 3654 tui
518 3593 666 3675 majores
684 3600 718 3657 te
741 3594 951 3676 praecedant,
969 3602 1008 3659 tu
1031 3604 1146 3659 autem
1162 3603 1317 3678 tempore
1330 3605 1399 3664 tuo

443 3688 607 3753 honorem
624 3697 747 3768 totum,
771 3712 873 3774 quem
894 3693 1079 3775 adquisivi,
1102 3694 1257 3771 habebis,
1271 3702 1306 3759 et
1320 3695 1397 3760 sra-

442 3789 554 3851 tribus
571 3789 641 3852 tuis
655 3789 786 3853 divitiis
800 3798 836 3854 et
849 3798 1024 3873 potestate
1037 3793 1244 3875 praestabis.³

476 3975 529 4026 ¹1²1
541 3979 775 4043 hocquoqtoesoeto]
788 3982 821 4031 So
833 3983 905 4032 Hen·
932 3981 1030 4044 Martii,
1051 3984 1078 4032 in
1099 3998 1215 4044 vespera,
1233 3988 1335 4033 ostensa
1353 3992 1400 4036 eat

440 4047 510 4106 ryos
518 4048 695 4112 Huntingdon,
705 4065 731 4110 p.
744 4054 800 4100 379.
931 4052 1048 4112 quadam
1070 4053 1172 4102 insolita
1194 4053 1278 4115 stella,
1298 4058 1325 4102 et
1346 4068 1399 4115 per

929 4121 1140 4183 vigintiquinque
1151 4122 1207 4171 dieo
1217 4122 1306 4171 eodem
1317 4125 1399 4174 modo

486 4181 613 4234 ’Coaoeto
635 4193 788 4249 opponeret.
809 4187 821 4249 ]
851 4187 903 4236 ‘In
929 4191 1067 4251 eademque
1084 4192 1146 4240 hora
1167 4193 1223 4240 visa
1245 4197 1284 4240 est
1305 4192 1398 4244 lucere

440 4254 616 4317 primaautem
629 4257 770 4316 septimana
785 4256 902 4308 Quadru-
928 4259 993 4307 inter
1019 4265 1132 4309 austrum
1163 4266 1189 4308 et
1217 4262 1400 4315 occidentem:

440 4322 553 4384 gesimae,
576 4328 649 4372 sexta
674 4325 747 4387 teria,
772 4327 824 4374 xiv.
847 4325 900 4375 kal.
928 4328 1092 4379 monadum
1106 4333 1177 4378 1106.
