3144 5180
315 739 370 778 Μ).
382 739 438 776 1162.

320 1926 412 1964 Thomas

319 1975 469 2021 coelemen-

319 2026 394 2074 hiehop
403 2026 427 2064 ol

320 2076 457 2123 Centerbury.

473 539 539 616 292ι
732 567 865 615 noceor
890 565 936 614 oe
959 563 1168 615 wsunovnu

477 743 616 806 magum
637 717 759 786 ¹filiam
780 725 914 806 peperit
938 730 973 786 et
995 724 1025 786 ei
1049 743 1174 788 nomen
1194 742 1295 786 suum
1314 721 1429 804 impo-

477 825 558 889 suit.
609 823 688 887 Hoc
709 823 813 887 etiem
833 842 926 887 enno
946 821 1156 899 RicharduS,
1175 822 1429 886 Loudoniensis

477 925 671 1006 episcopus,
687 923 779 986 viam
806 922 976 984 universae
1009 923 1122 984 carnis
1156 922 1334 1002 ingressus
1360 928 1429 983 est.

480 1021 549 1085 Per
565 1022 654 1086 idem
675 1041 759 1085 vero
773 1028 909 1103 tempus
925 1039 988 1082 rex
1010 1019 1185 1084 Henricos
1208 1018 1289 1084 fecit
1306 1020 1431 1103 jurare

480 1121 679 1185 fidelitatem
703 1120 857 1183 Henrico
883 1119 954 1182 filio
979 1137 1042 1183 suo
1064 1120 1107 1183 de
1130 1119 1330 1183 haereditate
1352 1138 1434 1194 sua,

481 1228 516 1284 et
543 1221 633 1284 inter
658 1237 776 1282 omnes
800 1225 980 1300 magnates
1005 1219 1102 1304 regni
1123 1218 1277 1282 Thomas
1293 1219 1434 1281 cancel·

481 1319 588 1383 larius
615 1321 746 1402 primus
769 1318 969 1381 fidelitatem
986 1318 1133 1400 juravit,
1155 1318 1255 1382 salva
1281 1318 1348 1380 fide
1374 1337 1434 1379 re-

481 1419 536 1498 gis
567 1419 677 1501 patris
714 1417 879 1499 quamdiu
905 1415 1038 1481 viveret
1074 1423 1110 1481 et
1140 1437 1248 1499 regno
1281 1435 1436 1499 proeesse

481 1518 595 1582 vellet.

508 1687 599 1762 Quod
615 1687 755 1764 Thomas,
770 1688 851 1772 reple
865 1688 1083 1767 cancellarius,
1097 1689 1132 1752 io
1147 1686 1409 1773 arehiepiscopum

888 1788 1027 1873 eliyitur.

533 1909 663 1975 Eodem
674 1928 778 1985 anno,
791 1904 1005 1992 congregato
1019 1910 1111 1975 clero
1126 1917 1162 1975 et
1177 1911 1307 1994 populo
1321 1909 1435 1975 totius

483 2011 669 2092 provinciae
686 2008 948 2074 Cantuarieusis
964 2011 1055 2093 apud
1069 2009 1436 2088 westmonasterium

483 2110 648 2186 Thomas,
663 2110 756 2190 regis
781 2110 1019 2186 cancellarius
1046 2110 1176 2174 electus
1198 2111 1304 2173 estin
1319 2111 1437 2174 erchi-

483 2209 681 2292 episoopum
696 2209 906 2284 solemniter,
917 2202 1070 2272 ²nemine
1087 2208 1317 2287 reclamant03
1335 2208 1437 2274 sacta

482 2309 600 2390 itaque
616 2308 784 2373 electione
805 2309 952 2371 sabbato
971 2308 1008 2369 in
1026 2307 1268 2385 Pentecosten,
1287 2309 1437 2391 presby-

483 2415 536 2471 ter
559 2407 737 2470 ordinatus
758 2413 813 2470 est
834 2423 856 2468 a
874 2406 1044 2482 Waltero,
1074 2405 1229 2470 Roffensi
1254 2407 1435 2489 episcopo,

483 2505 519 2568 in
543 2505 689 2568 ecclesie
715 2505 970 2580 Cantuariensi,
996 2512 1031 2568 et
1050 2507 1208 2586 sequenti
1232 2505 1287 2569 die
1310 2505 1436 2570 Domi-

483 2604 564 2668 nica
589 2612 815 2680 ,consecratus
839 2611 894 2668 est
926 2605 971 2667 ab
1005 2603 1172 2681 Henrico,
1197 2605 1436 2671 Wintoniensi

486 2702 659 2785 episcopo,
681 2704 879 2767 solemniter
905 2709 941 2766 et
971 2703 1234 2770 inthronizatus.
1287 2704 1436 2770 Nuntiis

484 2802 592 2882 igitur
616 2801 659 2864 ed
687 2819 813 2882 papam
830 2802 983 2878 directis,
1009 2822 1111 2884 quem
1134 2804 1223 2868 citra
1241 2802 1350 2886 Alpes
1376 2805 1436 2867 in·

485 2908 654 2964 venerunt
684 2901 728 2965 ad
760 2899 895 2964 Gallias
919 2902 1195 2979 descendentem,
1222 2922 1300 2968 cum
1325 2904 1437 2986 pallio

486 3007 567 3063 sunt
590 3001 743 3078 reversi3
775 3000 866 3081 quod
893 3000 1046 3064 Thomas
1064 3001 1351 3084 archiepiscopus,
1371 3022 1436 3066 so-

485 3098 556 3161 litis
573 3100 781 3164 constrictus
799 3101 1035 3176 sacramentis,
1062 3101 1106 3163 ab
1121 3100 1223 3164 altari
1240 3103 1435 3185 suscipiens

485 3205 682 3262 reverenter
712 3199 837 3264 summi
865 3199 1054 3262 sacerdotis
1087 3207 1204 3264 vestes
1238 3201 1363 3278 induit,
1395 3211 1435 3266 et

486 3296 642 3362 habitum
664 3299 714 3363 sic
738 3297 886 3362 mutavit
909 3305 1006 3361 utet
1032 3298 1183 3361 animum
1205 3307 1432 3381 permutaret,

485 3416 565 3461 nem
596 3398 702 3461 curiae
729 3399 820 3462 curis
851 3396 1018 3461 interesse
1049 3399 1251 3462 renuntians
1275 3398 1433 3464 ecclesiae

483 3513 559 3559 suae
581 3497 730 3578 negotiis
755 3506 790 3561 et
814 3495 920 3559 lucris
946 3495 1185 3578 spiritualibus
1211 3496 1433 3578 intendebat3
1503 3489 1505 3494 ’

380 3617 382 3621 ·
485 3594 653 3676 siquidem
675 3596 814 3659 nuntios
838 3595 882 3658 cd
909 3615 1025 3677 regem
1049 3596 1085 3659 in
1104 3596 1351 3661 Normanniem
1381 3597 1438 3660 di-

485 3695 589 3771 rexit,
616 3694 831 3759 cancellariae
862 3695 1065 3758 renuntians
1090 3704 1125 3759 et
1147 3696 1298 3776 sigillum
1321 3696 1435 3778 resig-

485 3809 586 3869 nans,
610 3793 703 3874 quod
725 3793 761 3855 in
794 3812 855 3857 cor
884 3795 977 3875 regis
1003 3793 1107 3856 ultius
1139 3794 1306 3872 ascendit,
1332 3795 1369 3858 in
1395 3815 1436 3861 se

519 3986 628 4038 ¹File'em
644 3989 759 4054 peperit]
787 3989 946 4040 Afterwurds
971 3991 1063 4052 Foliot,
1084 3992 1175 4054 hiehop
1198 3993 1228 4042 of
1247 3993 1361 4056 london,
1382 3996 1436 4046 hed

483 4058 526 4108 the
538 4059 597 4108 wife
608 4060 637 4108 oi
650 4059 783 4122 Alphoneo
792 4060 871 4109 VIII.
883 4061 946 4123 king
970 4063 1129 4122 compluined
1143 4063 1173 4111 os
1188 4062 1230 4111 the
1246 4064 1362 4126 election,
1379 4066 1436 4116 thet

481 4127 511 4176 οἱ
525 4127 638 4189 Cestile3
660 4130 705 4178 she
722 4143 777 4178 eres
799 4130 841 4178 the
864 4136 946 4192 great·
970 4131 1012 4180 the
1030 4131 1093 4193 king
1110 4131 1242 4181 haddone
1260 4148 1276 4183 e
1292 4135 1435 4184 wonderful

481 4198 658 4258 grendmother
674 4198 703 4248 of
716 4199 904 4261 Eleenor‚wise
920 4200 948 4250 of
969 4201 1050 4262 thing,
1069 4201 1108 4249 sor
1124 4201 1154 4250 of
1173 4215 1189 4250 e
1211 4203 1306 4252 soldier
1327 4205 1359 4253 he
1381 4205 1435 4255 hed

481 4267 594 4317 Edwerd
605 4269 628 4318 Ι.
969 4271 1043 4319 mede
1054 4285 1087 4319 en
1095 4271 1261 4333 archbishop;
1277 4273 1435 4338 lits-steph.

517 4334 637 4386 'Nemine
655 4333 821 4401 reclamante]
844 4338 944 4388 Gilbert
969 4355 994 4401 p.
1006 4343 1047 4394 24,
