3144 5180
458 543 524 608 336
709 561 844 608 nocnnr
868 560 915 608 nn
937 559 1146 608 wunnovnn

298 731 354 771 w·
365 733 420 772 ¹1⁶⁹·
460 717 780 784 communicationis
817 716 991 781 effundere
1024 717 1152 794 valeat,
1186 715 1412 798 provideatis

350 859 355 874 ·
460 837 515 894 ne,
529 817 559 881 si
576 817 689 880 minus
706 818 742 879 in
758 817 822 880 hac
835 817 934 900 justa
953 817 1119 898 petitione
1134 816 1289 879 exauditi
1304 814 1411 878 fueri-

460 936 549 991 muS,
569 923 736 998 tanquam
759 916 801 979 de
823 914 1065 980 benevolentia
1082 922 1199 979 vestra
1222 914 1412 995 desperan-

459 1022 513 1079 tes
532 1015 634 1078 alitor
656 1012 834 1080 securitati
854 1021 983 1079 nostrae
1008 1014 1204 1097 prospicere
1225 1012 1412 1094 compella-

460 1133 556 1194 mur3
575 1121 622 1190 et,
641 1113 804 1196 quoniam
823 1112 961 1194 singula
978 1112 1120 1195 negotia
1135 1119 1256 1177 nostra
1271 1110 1411 1174 difficile

459 1213 524 1276 sub
545 1213 674 1295 scripto
694 1211 1035 1295 comprehendentur,
1053 1213 1221 1276 mittimus
1239 1210 1284 1274 ad
1301 1209 1410 1292 pedes

459 1311 678 1393 paternitatis
714 1317 839 1375 vestrae
868 1310 1011 1375 clericos
1037 1318 1174 1375 nostros
1204 1303 1411 1372 ¹familiares

459 1408 506 1473 R.
534 1410 814 1474 archidiaconum
840 1409 1129 1474 salesberiensem
1151 1416 1187 1473 et
1208 1408 1252 1472 R.
1267 1402 1412 1482 ²Barre‚

459 1509 518 1590 qui
537 1509 672 1591 plenius
690 1508 789 1572 vobis
811 1515 939 1572 cuncta
960 1515 1037 1592 qum
1060 1516 1161 1591 gesta
1183 1514 1266 1572 sunt
1287 1513 1323 1570 et
1336 1506 1410 1570 alia

458 1609 599 1689 negotia
614 1614 732 1671 nostra
748 1607 949 1689 exponent.¹
1162 1613 1165 1620 '

459 1749 461 1754 ’
497 1777 588 1852 oon
601 1777 707 1842 nanto
721 1779 802 1864 oya
819 1801 945 1844 cansam
962 1778 1042 1844 aava
1062 1780 1182 1844 namo
1191 1779 1369 1864 prunnon
1394 1735 1399 1745 ”

745 1964 748 1968 ¹
819 1879 1040 1963 depresserant.

510 1999 638 2066 Nuntii
651 2003 760 2084 igitur
781 2001 874 2084 regis
888 2001 932 2066 ad
953 2001 1149 2066 Romanam
1164 2002 1406 2084 pervenientes

459 2100 589 2166 curiam
619 2100 738 2166 literas
765 2100 998 2185 ejusdomino
1018 2120 1119 2184 papae
1138 2119 1216 2164 curn
1238 2100 1316 2164 aliis
1343 2112 1407 2164 ne*

458 2198 562 2280 gotiis
583 2200 648 2264 sibi
671 2201 843 2282 impositis
863 2201 1101 2277 ostenderunt,
1126 2200 1280 2265 donariis
1302 2199 1407 2262 simul

458 2306 495 2363 et
515 2299 651 2362 blandis
682 2298 896 2363 sermonibus
921 2317 1137 2380 summopere
1159 2299 1337 2363 studentes
1359 2299 1406 2376 ad

458 2398 612 2461 favorem
628 2399 762 2480 regium
775 2399 868 2462 illius
881 2398 1030 2461 animum
1042 2397 1225 2477 inclinare;
1244 2398 1303 2462 sed
1320 2398 1405 2481 quid

459 2495 507 2559 ihi
527 2496 661 2578 egerint
682 2496 808 2574 nuntii,
829 2497 938 2561 literis
959 2496 1172 2578 apostolicis,
1191 2515 1278 2579 quas
1301 2497 1407 2562 vicis·

459 2593 524 2657 sim
555 2594 658 2658 beato
683 2595 842 2673 Thomas,
862 2594 1105 2660 Cantuariensi
1133 2595 1407 2678 archiepiscopo,

458 2691 600 2768 direxit,
618 2696 814 2759 continetur
831 2713 1046 2777 expressum.
1098 2694 1142 2759 In
1158 2695 1279 2776 primis
1294 2694 1406 2758 literis

456 2810 549 2873 papa
565 2792 676 2856 eidem
690 2794 741 2857 ita
756 2794 896 2874 scribit3
944 2799 947 2802 '

507 2896 518 2924 ‘
536 2888 645 2954 Novit
665 2891 836 2956 industria
848 2898 914 2958 'tua
928 2911 1031 2975 quam
1046 2891 1234 2956 ferventem
1258 2893 1407 2975 disposi-

458 2987 585 3051 tionem
603 2988 695 3054 circa
711 2991 810 3071 regni
829 2992 883 3054 sui
902 2991 1184 3072 gubernationem
1203 2992 1403 3056 carissimus

456 3086 493 3148 in
515 3086 655 3152 Christo
685 3088 777 3152 filius
811 3096 929 3154 noster
951 3088 1138 3166 Henricus,
1163 3089 1308 3154 illustris
1340 3111 1403 3156 rex

457 3183 664 3267 Anglorum,
688 3187 876 3270 impendat,
899 3195 934 3251 et
955 3187 1112 3264 eandem,
1131 3194 1172 3251 ut
1195 3189 1327 3254 firmior
1342 3190 1404 3253 ha·

457 3285 591 3361 beatur,
607 3286 684 3350 vult
708 3286 915 3350 auctoritate
936 3285 1107 3350 Romanae
1129 3287 1283 3351 ecclesiae
1301 3290 1403 3352 robo-

456 3384 537 3459 rari,
553 3393 675 3466 petens
698 3393 737 3450 ut
759 3385 921 3467 antiquas
944 3385 1041 3466 regni
1062 3386 1117 3448 sui
1137 3387 1403 3450 consuetudines

456 3487 492 3544 et
515 3481 704 3563 dignitates
734 3501 975 3548 conservemus
1004 3483 1146 3547 illaesas.
1194 3484 1297 3560 Item,
1322 3505 1401 3550 cum

454 3579 641 3660 legationis
676 3581 824 3645 offici-um
862 3581 971 3646 totius
1012 3580 1150 3662 Angliae
1191 3583 1402 3665 postulasset

455 3676 642 3744 instantius
679 3680 890 3745 Eboracensi
924 3679 1183 3762 archiepiscopo
1214 3682 1400 3762 indulgeri,

454 3786 640 3857 pensantes
664 3785 820 3862 tempora
843 3779 1050 3862 periculosa,
1072 3779 1257 3860 legationis
1282 3781 1402 3846 literas

490 3978 498 4011 ¹
510 3981 665 4033 Familiares.
678 3984 689 4046 ]
707 3985 738 4032 ln
749 3984 916 4034 Alexander's
940 3987 1035 4036 deacon
1046 3986 1076 4035 oi
1082 3985 1223 4049 Salisbury‚
1233 3987 1256 4036 is
1267 3988 1365 4048 spoken
1376 3989 1406 4038 oi

453 4065 553 4099 ansvver
563 4055 589 4099 to
601 4052 701 4114 Henry,
710 4054 809 4114 printed
820 4055 846 4102 in
858 4054 914 4102 Ho·
939 4056 973 4116 hy
984 4054 1027 4103 the
1037 4069 1103 4116 pope
1116 4068 1146 4103 as
1157 4070 1204 4105 one
1217 4056 1247 4114 oi
1258 4056 1301 4105 the
1317 4057 1402 4119 king's

452 4120 542 4179 veden,
559 4136 585 4180 p.
602 4125 660 4183 515,
676 4122 734 4184 they
752 4137 795 4171 are
814 4123 871 4171 said
888 4127 914 4172 to
939 4124 1227 4186 ambassadorstohim3
1244 4140 1303 4186 epp.
1314 4127 1402 4184 liniv,

451 4187 516 4236 have
523 4190 586 4237 been
593 4189 661 4238 John
671 4190 764 4241 Gumin
771 4191 821 4240 and
829 4191 913 4252 ltalph
939 4208 980 4254 ep.
992 4193 1030 4242 iii.

451 4257 483 4304 de
501 4257 654 4310 Tamworth.
691 4260 825 4323 Reginald,
843 4260 914 4310 erch-
974 4256 1102 4329 snm]
1119 4259 1228 4326 ‘Barth'
1247 4264 1276 4314 C.
