3178 5194
415 573 554 623 rnonss
577 574 858 624 eunomiana·
1038 558 1107 622 401.

124 747 196 792 vus
214 749 412 798 servorum
430 734 510 812 Dei,
528 733 714 811 Willelmo,
731 733 922 798 Senonensi
936 731 1102 813 archicpi-
1116 753 1171 794 aa
1182 749 1238 792 ma

125 847 262 912 scopo,
283 833 450 898 salutem.
496 833 585 898 Cum
605 834 640 897 in
663 841 783 898 nostra
801 833 883 897 olim
901 851 994 896 esses
1015 851 1104 914 prae-

125 930 256 994 sentia
277 933 506 1011 constitutus,
525 933 588 998 tibi
607 933 688 997 viva
704 951 789 997 voce
808 932 1036 1016 injunximus,
1052 937 1114 1008 ut,

59 1091 63 1114 ‚
124 1027 381 1112 suffraganeis
398 1033 468 1098 tuis
485 1032 642 1097 Parisios
662 1032 724 1096 tibi
742 1031 873 1109 ascitis,
893 1031 936 1095 ad
957 1032 1104 1112 abroga-

125 1128 279 1193 tionem
304 1150 423 1213 pravae
441 1132 607 1197 doctrinae
628 1130 737 1209 Petri,
755 1131 929 1215 quondam
951 1130 1114 1195 Parisia··

128 1229 271 1293 oensis
292 1231 458 1314 episcopi,
485 1250 555 1314 qua
581 1230 718 1308 dicitur,
741 1231 831 1313 quod
855 1229 1027 1306 Christus,
1049 1249 1115 1293 se·-

128 1327 306 1392 cundum
323 1330 415 1412 quod
432 1338 486 1394 est
502 1330 614 1408 homo,
635 1349 705 1394 non
725 1337 779 1394 est
801 1329 944 1412 aliquid,
963 1329 1103 1392 omnino

127 1422 361 1494 intendercs¹
380 1431 416 1494 'et
432 1429 605 1494 efficacem
621 1448 761 1512 operam
781 1429 972 1493 adhiberes,
1016 1426 1104 1490 Inde

128 1526 321 1609 siquidem
338 1537 403 1606 est,
415 1530 507 1612 quod
524 1528 733 1594 fraternitati
746 1535 817 1593 tuae
834 1549 897 1612 per
912 1526 1104 1610 apostolica

130 1626 284 1708 scripta
301 1628 517 1706 mandamus,
529 1631 712 1711 quatenus,
723 1629 816 1711 quod
833 1629 908 1706 tibi,
923 1648 1001 1693 cum
1014 1647 1114 1710 praa·-

131 1744 224 1790 sens
237 1747 350 1806 esseS,
362 1727 601 1811 praecepimus,
610 1727 848 1810 suffraganeos
857 1736 937 1793 tuos
947 1727 1115 1791 Parisius

132 1838 335 1906 convoces,
350 1835 385 1904 et
397 1847 468 1892 una
480 1848 559 1892 cum
572 1829 641 1893 illis
653 1834 688 1891 et
700 1827 777 1890 aliis
791 1828 874 1893 viris
885 1826 1055 1908 religiosis
1070 1834 1105 1891 et

134 1925 382 2005 prudentibus
406 1929 645 2010 praescriptam
668 1927 859 1991 doctrinam
878 1925 1020 1990 studeas
1044 1945 1115 2007 pe·-

135 2023 246 2088 nitus
265 2028 447 2108 abrogare,
464 2035 500 2092 et
516 2047 537 2091 a
555 2025 730 2108 magistris
747 2025 962 2089 scholaribus
977 2022 1114 2108 ibidem,

135 2122 177 2185 in
203 2125 391 2208 theologia
411 2127 630 2191 studentibus
652 2124 841 2201 Christum,
863 2125 954 2187 sicut
976 2121 1106 2206 periec-

138 2229 226 2290 tum
254 2225 379 2303 Deum,
398 2227 448 2290 sic
466 2234 501 2292 ct
520 2226 711 2308 perfectum
732 2224 903 2288 hominem
925 2241 966 2286 ac
986 2241 1113 2286 rerum¹

137 2320 328 2390 hominem
345 2345 390 2388 ex
406 2326 520 2389 anima
534 2329 569 2388 et
586 2343 730 2407 corpore
746 2325 1005 2398 consistentem,
1018 2341 1105 2403 prae-

140 2422 265 2506 cipias
285 2424 439 2504 edoceri3
463 2425 634 2489 universis
655 2423 800 2487 firmiter
819 2429 854 2487 et
876 2421 1117 2485 districtam--

137 2520 317 2606 jungens,
337 2525 437 2607 quod·
449 2525 641 2589 doctrinam
658 2523 754 2586 illam
775 2523 817 2586 de
835 2529 960 2586 caetero
978 2539 1105 2603 nequa·

142 2640 260 2702 quam
282 2622 404 2688 docere
424 2622 861 2707 presumantsedfipsam
887 2622 1026 2704 penitus
1049 2619 1119 2684 de·-

143 2722 349 2788 testentur?

213 2899 265 2963 Dc
281 2897 382 2966 libello
396 2898 516 2966 addatis
527 2901 683 2979 Joaclim,
698 2923 784 2987 qaam
798 2900 925 2986 scripsit
939 2907 1046 2963 caetra

453 3000 585 3063 Petram
600 2999 821 3064 bombardae.

220 3121 368 3201 Scripsit
394 3119 498 3181 ctiam
522 3119 649 3181 eisdem
674 3122 795 3183 diebus
819 3130 940 3185 contra
963 3111 1109 3185 cundem
1122 3146 1236 3235 mmm

148 3219 303 3284 Petrum
333 3215 566 3279 Lombardum
588 3209 715 3279 ²abb'as
742 3217 766 3280 J
769 3219 904 3281 oachim
934 3219 1267 3292 Florensrsamragsna

150 3314 308 3382 coenobii
335 3314 503 3392 libellum,
525 3333 655 3379 vocans
679 3333 758 3378 eum
780 3315 980 3381 haereticum
1002 3325 1038 3380 et
1058 3318 1111 3379 in·
1124 3295 1192 3334 Μ’

151 3417 293 3492 sanum,
311 3413 460 3497 eoquod
476 3415 511 3480 in
527 3413 892 3495 librosententiarum,
903 3434 1005 3499 quem
1020 3435 1111 3479 com-

154 3522 335 3600 posuerat,
363 3515 451 3579 idem
480 3515 607 3580 Petrus
635 3514 677 3579 de
700 3515 835 3578 unitate
862 3516 936 3579 sive
961 3515 1119 3578 essentia·

156 3615 344 3680 Trinitatis
371 3614 472 3692 dixit,
504 3615 677 3694 Quoniam
705 3613 865 3697 quaedam
890 3619 1111 3677 summa‘res

157 3721 224 3788 est,
251 3713 360 3780 Pater
383 3722 418 3778 et
442 3714 552 3778 Filius
575 3722 610 3778 et
633 3713 792 3797 Spiritus.
806 3713 975 3787 Sanctus,¹
993 3721 1030 3778 ct
1049 3712 1119 3777 illa·

159 3918 203 3978 cil,
215 3916 311 3978 (luido,
321 3916 372 3964 and
383 3919 427 3964 not
438 3915 623 3976 William,was
647 3913 746 3977 nobit]
765 3915 807 3964 He
824 3929 879 3963 was
896 3914 1004 3963 founder
1021 3913 1050 3963 οἰ
1068 3913 1111 3962 the

160 3987 312 4048 archbishop
328 3985 358 4034 oi
370 3986 450 4046 Sens3
473 3985 516 4034 the
532 3984 624 4034 former
648 3984 826 4045 monasteryoi
833 3985 922 4041 Flore3
933 3983 973 4032 his
982 3983 1048 4031 book
1058 3998 1111 4032 was

161 4057 255 4119 having
271 4054 412 4105 succceded
429 4059 455 4103 to
474 4055 516 4104 the
536 4069 577 4103 see
597 4055 623 4102 in
648 4053 804 4102 condemned
815 4055 841 4102 in
852 4054 895 4103 the
907 4052 991 4102 iourth
1002 4053 1111 4102 Lateran

163 4130 236 4176 1175.
267 4125 600 4177 Concil.v1.ii.col.162⁵.
648 4124 758 4184 coancil,
774 4125 802 4172 in
820 4127 899 4184 1215;
923 4137 966 4172 see
984 4122 1124 4184 harduin,

198 4193 204 4222 ¹
215 4197 356 4245 intenderes
368 4229 375 4245 .
389 4229 395 4244 .
409 4229 416 4244 .
427 4194 574 4256 adhiberes]
594 4193 625 4242 ln
649 4193 766 4243 tonarii.
778 4209 805 4255 p.
816 4197 856 4242 18.
881 4193 931 4241 His
942 4191 1021 4241 lifeis
1034 4193 1113 4253 print-

161 4266 218 4316 MS.
230 4265 376 4314 ‘intendens
390 4299 397 4314 .
410 4299 417 4313 .
430 4299 437 4314 .
449 4257 589 4313 adhibens?
650 4262 683 4312 ed
700 4263 726 4311 in
745 4262 788 4312 the
806 4263 866 4312 Act.
883 4262 929 4313 SS.
949 4276 1030 4311 mens.
1047 4262 1113 4311 ltlai.

197 4332 302 4384 Ubiae
314 4334 425 4382 Joachim
443 4333 568 4384 Flormis
578 4348 624 4382 coe-
650 4337 711 4384 tom.
722 4333 767 4382 vii.
779 4348 806 4395 p.
818 4336 859 4384 89.

211 4443 291 4489 von.
308 4441 347 4489 11.
899 4423 922 4488 2
941 4441 963 4486 n
