3138 5184
414 619 555 667 neonus
578 619 848 671 ursnonrsauu.
1043 607 1109 672 169

164 776 298 858 gienteS,
321 792 453 840 uxores
477 783 513 840 et
534 777 660 841 liberos
682 796 760 842 cum
785 777 957 856 manubiis
981 778 1106 862 impre·
1120 797 1175 838 nn.
1189 799 1243 838 ιιοι.

164 875 330 939 tiahilihus
357 877 488 939 nostris
512 876 725 958 reliquerunt
745 877 782 940 iu
802 877 968 960 praedam.
1027 877 1106 942 Rex

163 983 268 1038 autem
296 975 435 1039 rediens
462 995 540 1038 cum
566 976 685 1057 spoliis
714 975 891 1040 foeminam
920 978 1107 1059 quandam,

163 1094 297 1138 uxorem
313 1073 498 1158 cujusdam
508 1075 676 1157 principis
686 1075 853 1157 potentis,
865 1085 1106 1158 praegnantem

163 1183 191 1237 et
211 1175 247 1236 in
272 1180 378 1255 partu
394 1173 571 1257 jacentem
595 1174 749 1254 iuvenit3
772 1175 865 1256 quod
886 1176 1008 1241 videns
1030 1197 1106 1256 rex,

162 1273 235 1336 feeit
261 1273 305 1336 de
333 1273 456 1355 spoliis
479 1273 607 1336 lectum
625 1274 742 1356 parari
763 1293 827 1357 pro
853 1280 1009 1358 tempore
1030 1275 1105 1340 ido·

161 1391 267 1450 neum,
288 1372 441 1454 datoque
460 1373 549 1449 ciho,
566 1380 602 1436 et
622 1373 759 1436 utribus
780 1391 873 1456 aqua
892 1374 1016 1456 plenis,
1034 1373 1105 1438 lac·

161 1472 267 1554 tisque
285 1471 401 1553 copia,
417 1479 453 1534 et
470 1469 604 1534 ancillis
626 1471 670 1536 ad
686 1471 761 1555 ejus
780 1471 974 1537 custodiam
995 1474 1106 1557 assig.

161 1573 258 1647 uatis,
287 1571 466 1647 mantello,
490 1590 559 1652 quo
583 1579 659 1634 erat
683 1589 745 1634 rex
772 1570 929 1649 indutus,
957 1571 1106 1638 involvit

159 1689 241 1747 eam,
261 1676 299 1734 et
321 1670 477 1734 exercitu
499 1669 579 1732 inde
598 1666 805 1756 [transivit]
860 1670 927 1734 Die
942 1690 1025 1736 vero
1051 1691 1105 1735 se·

158 1769 272 1850 quenti
298 1786 447 1849 maguus
469 1767 528 1830 ille
550 1766 704 1832 Arabum
734 1769 906 1852 princeps,
929 1769 972 1832 de
994 1789 1103 1836 uxore

157 1867 339 1931 admodum
357 1867 479 1942 tristis,
495 1867 648 1931 demere
664 1874 861 1931 nostrorum
877 1888 1026 1951 sequens
1041 1889 1102 1934 ex·

158 1969 311 2043 ercitum,
337 1967 374 2029 iu
400 1984 545 2030 uxorem
571 1985 655 2030 casu
684 1966 805 2030 incidit
833 1968 883 2032 sic
901 1968 1101 2052 jacentem;

158 2067 273 2130 videns
304 2085 390 2148 ergo
414 2064 572 2148 princeps
597 2066 656 2130 ilie
680 2074 716 2131 et
739 2073 884 2149 stupens
906 2068 1102 2132 humanita-

156 2173 232 2245 tem,
250 2185 359 2249 qnam
379 2185 443 2229 rex
467 2185 551 2247 erga
574 2186 650 2230 eam
674 2165 890 2244 exhibuerat,
911 2169 1020 2250 coepit
1041 2186 1102 2229 uo·

155 2287 227 2331 men
261 2267 356 2349 regis
387 2285 498 2348 usque
527 2265 570 2329 ad
596 2265 711 2328 sidera
733 2264 913 2341 extollere,
939 2274 973 2331 et
997 2267 1029 2330 ei
1058 2265 1102 2330 de

155 2376 278 2431 caetero
311 2365 488 2446 obligatus
518 2366 554 2428 in
584 2364 787 2429 necessariis
815 2365 972 2430 articulis
994 2366 1102 2446 coepit

155 2465 299 2529 fideliter
316 2462 504 2526 adhaerere.

199 2639 354 2719 omme
369 2660 423 2703 re
440 2607 596 2703 unum
609 2637 1051 2722 auctoramentum

496 2737 576 2824 wis
592 2739 760 2802 Scotorum.

198 2862 333 2927 Eodem
350 2883 442 2928 anuo
460 2863 659 2940 AnselmuS,
682 2862 944 2927 Cantuariensis
967 2861 1099 2926 archie·
1112 2875 1250 2965 {strepet
1298 2901 1302 2908 -

150 2963 325 3044 piscopuS,
340 2956 393 3027 'iu
405 2962 568 3044 Angliam
581 2963 723 3027 veniens
740 2962 964 3045 desponsavit
979 2961 1099 3026 Matil·
1134 2938 1146 2966 ⁶
1162 2937 1185 2976 η
1205 2954 1210 2965 ’

149 3061 240 3139 dam,
263 3063 371 3125 filiam
395 3061 573 3126 Malcolmi
595 3063 687 3143 regis
710 3061 891 3125 Scotorum
910 3069 945 3124 et
967 3069 1099 3125 sanctae

149 3163 277 3244 regina·
300 3162 522 3243 Margaretae,
540 3181 631 3227 novo
649 3155 741 3242 ²regi
762 3159 901 3242 Angliae
923 3159 1097 3239 Henrico;

148 3270 194 3338 et,
228 3262 280 3326 sio
313 3261 443 3344 nuptiis
474 3261 654 3343 magnifice
692 3260 887 3336 celebratis,
916 3259 1009 3324 sacta
1044 3267 1099 3324 est

146 3361 334 3425 commotio
365 3361 402 3423 iu
423 3380 543 3442 regno,
569 3378 675 3424 cause
706 3358 852 3423 Roberti
877 3359 975 3422 ducis
1007 3359 1099 3423 Nor-

148 3461 311 3537 manniee,
336 3479 405 3522 uon
427 3460 573 3536 modica,
599 3459 671 3540 qui,
696 3465 736 3522 ut
763 3476 880 3522 rumor
908 3459 1097 3535 asserebat,

147 3559 190 3622 ad
208 3559 276 3623 hoo
292 3559 388 3624 veuit
402 3577 479 3623 cum
496 3558 652 3622 exercitu
669 3557 822 3639 copioso,
840 3564 878 3621 ut
893 3558 958 3621 sibi
972 3556 1097 3639 Angli·

147 3677 203 3720 am
223 3657 449 3740 subjugaret3
473 3678 541 3740 quo
559 3657 712 3739 cognite,
731 3657 826 3719 misit
843 3677 904 3720 rex
924 3655 1097 3719 Henrieus

146 3758 307 3822 navalem
344 3757 596 3840 expeditionem
632 3763 754 3820 contra
786 3755 928 3819 fratrem
958 3757 1096 3820 venien-

184 3970 237 4021 ¹122
253 3967 397 4040 Anglium]
416 3973 458 4021 He
474 3971 567 4020 lauded
583 3976 611 4020 at
621 3973 623 3994 ¹
635 3970 749 4018 aversiou
763 3970 792 4018 of
805 3971 915 4020 Matilda
925 3976 951 4019 to
966 3970 1017 4018 this
1033 3985 1098 4020 mar·

146 4043 235 4092 Dover
245 4058 277 4092 on
288 4043 332 4091 the
343 4043 410 4091 nand
419 4040 448 4091 oi
455 4043 610 4104 September.
635 4039 716 4100 riage,
746 4040 810 4088 with
843 4041 888 4089 her
920 4042 1097 4102 imprecatione

147 4113 239 4162 Eadm.
250 4129 276 4174 p.
288 4117 332 4163 55.
636 4122 704 4169 upon
721 4108 763 4157 the
775 4110 844 4159 issue
856 4111 911 4158 that
927 4109 1008 4172 might
1018 4111 1098 4159 result

637 4177 699 4226 from
709 4179 742 4236 it;
762 4178 800 4227 ior
808 4178 892 4227 which
903 4180 1020 4229 however
1028 4181 1097 4229 there

184 4242 195 4274 ²
207 4246 271 4308 Regi
281 4246 386 4308 Anglioe
398 4245 527 4305 dimico]
544 4247 612 4294 Mat·
636 4247 698 4296 does
706 4253 748 4296 not
759 4263 856 4310 appear
863 4253 888 4296 to
896 4250 983 4310 beany
993 4249 1098 4299 founda-

147 4315 215 4364 thew
227 4317 303 4365 Paris
321 4315 369 4365 has
385 4315 445 4364 here
463 4315 611 4365 introduced
638 4317 706 4377 tion;
733 4333 850 4379 compare
874 4319 993 4381 Eadmer,
1013 4336 1040 4382 p.
1057 4324 1099 4382 56,

147 4400 165 4434 a
177 4391 240 4448 story
253 4388 344 4448 giving
361 4401 393 4434 au
411 4391 518 4434 account
533 4385 562 4434 of
570 4386 612 4434 the
624 4423 627 4442 ,
640 4387 701 4436 with
715 4388 885 4449 Malmsbury,
895 4385 908 4452 §
919 4391 977 4437 418.
