3104 5186
448 528 514 594 104
696 545 831 594 nouum
856 547 903 594 nn
926 547 1136 598 wnunovnu

289 717 413 807 pm?
448 722 520 780 cos,
553 701 646 784 quod
675 702 854 767 duodecim
883 723 930 766 ex
959 703 1148 789 majoribus
1177 723 1295 768 eorum
1322 723 1402 768 cum

287 778 440 858 trucarius·
450 802 760 866 aliis'corruerunt.
799 800 904 866 Cives
920 803 962 866 de
979 809 1081 867 nocte
1098 822 1239 868 suorum
1256 821 1406 886 corpora,

451 900 691 966 defunctorum
720 901 909 983 sepulturae
935 902 1164 980 tradiderunt,
1192 903 1253 966 sed
1279 903 1404 980 nostri,

451 1000 575 1063 funera
602 1020 721 1064 eorum
753 999 966 1078 effodientes,
991 1021 1126 1079 aurum,
1151 1008 1335 1084 argentum
1368 1009 1404 1067 et

449 1107 566 1164 vestes
588 1089 759 1182 pretiosas
775 1119 820 1162 ex
837 1100 984 1183 sepultis
999 1101 1143 1165 canibus
1160 1108 1406 1178 extraxerunt,

451 1217 530 1280 quae
545 1199 661 1263 omnia
675 1199 711 1262 in
725 1217 809 1263 usus
832 1218 1024 1282 pauperum
1046 1201 1305 1284 peregrinorum
1327 1219 1410 1264 ces-

451 1305 584 1363 serunt.

538 1471 588 1559 Da
601 1469 686 1556 cquis
701 1468 817 1536 duolio
831 1469 970 1536 millibus
983 1491 1004 1534 a
1012 1470 1188 1557 perepricis
1202 1471 1311 1556 captis.

316 1623 342 1663 a
457 1659 460 1668 ,
504 1595 592 1661 Post
613 1595 703 1660 banc
721 1601 837 1660 autem
856 1596 1038 1660 victoriam
1061 1595 1228 1661 divinitus
1250 1595 1407 1678 peregri-

453 1696 507 1759 nis
530 1713 741 1774 concessam,
764 1702 805 1759 ut
831 1701 948 1759 castra
972 1714 1065 1760 nova
1089 1693 1247 1778 quaedam
1272 1702 1308 1759 et
1331 1714 1409 1759 ma·

452 1793 573 1859 cbinas
603 1795 647 1858 ad
673 1793 967 1877 expugnationem
994 1794 1091 1860 urbis
1116 1795 1411 1871 construxissent,

453 1895 636 1958 andierunt
650 1894 741 1975 quod
757 1894 851 1958 cives
865 1913 928 1976 pro
943 1893 1079 1958 delectu
1092 1892 1212 1975 pabuli
1228 1892 1273 1978 ad
1288 1894 1408 1958 locum

453 1994 625 2077 quendam
661 1993 860 2075 pascualem
895 2012 1003 2074 equos
1036 2011 1118 2057 suos
1152 1999 1407 2057 consueverant

454 2093 640 2170 destinare,
669 2093 729 2174 qui
755 2093 816 2156 vix
843 2092 888 2156 ab
916 2093 1000 2157 urbe
1026 2099 1175 2175 quatuor
1198 2091 1405 2156 milliaribus

453 2191 583 2256 distare
612 2191 815 2272 videbatur;
848 2191 940 2275 quod
967 2191 1076 2255 nostri
1099 2198 1346 2273 cognoscentes
1369 2199 1406 2255 et

454 2291 499 2355 ad
517 2290 630 2355 locum
648 2291 847 2372 pascualem
866 2297 1103 2373 properantes,
1123 2290 1246 2354 occisis
1268 2289 1328 2373 qui
1346 2310 1404 2354 ar-

453 2391 578 2455 mentis
601 2395 774 2471 praeerant
794 2396 829 2453 et
848 2389 961 2473 equis,
977 2389 1133 2472 exceptis
1154 2389 1256 2453 mulis
1272 2396 1308 2453 et
1326 2409 1404 2452 mu·

454 2490 567 2566 labus,
594 2487 663 2551 duc
691 2486 801 2556 millia
831 2507 998 2571 equorum
1026 2488 1191 2553 nobilium
1214 2488 1258 2552 ad
1287 2496 1405 2556 castra

453 2586 684 2652 deduxerunt.
738 2586 808 2651 Per
836 2588 927 2653 idem
952 2576 1090 2671 quoque
1115 2595 1252 2670 tempus
1276 2587 1405 2654 Balde·

454 2687 579 2764 winus,
595 2686 693 2750 ducis
711 2684 891 2752 Godefridi
906 2687 1026 2765 frater,
1047 2688 1119 2771 qui,
1141 2694 1181 2750 ut
1200 2687 1404 2770 praedictum

453 2793 521 2866 est,
555 2784 722 2850 Edessam
753 2785 1002 2870 subjugaverat
1033 2787 1223 2864 civitatem,
1256 2787 1403 2852 audiens

454 2886 547 2968 qnod
575 2883 748 2968 peregrini
769 2905 898 2966 magna
919 2905 1033 2950 rerum
1054 2886 1253 2950 laborarent
1274 2886 1405 2969 inopia,

454 2985 684 3066 missisdonis
703 2985 914 3066 ingentibus,
937 2985 973 3050 in
991 3004 1088 3063 auro,
1108 2992 1265 3066 argento,
1283 2987 1404 3050 sericis

454 3090 490 3148 et
507 3085 604 3168 equis
619 3083 792 3166 pretiosis,
809 3103 865 3147 res
880 3084 1074 3167 principum
1091 3084 1305 3167 singulorum
1315 3069 1403 3149 'red-

455 3181 543 3248 didit
572 3182 779 3266 ampliores3
812 3184 954 3266 insuper
986 3191 1102 3248 autem
1134 3191 1170 3248 et
1197 3183 1284 3247 duci*
1303 3183 1403 3250 fratri

454 3301 530 3360 suo,
554 3283 614 3364 qui
639 3282 682 3346 de
711 3289 804 3346 terra
832 3283 925 3347 circa
949 3282 1163 3366 Euphratem
1189 3282 1402 3366 possidebat,

454 3401 573 3448 omnes
590 3370 747 3446 redditus
759 3382 796 3445 in
810 3382 994 3460 frumento,
1009 3383 1103 3460 vino,
1119 3382 1247 3446 hordeo
1264 3389 1299 3458 et
1312 3384 1404 3462 oleo,

454 3500 588 3546 necnon
612 3488 648 3545 et
671 3500 854 3544 aureorum
878 3482 1130 3565 quinquaginta
1157 3482 1265 3545 millia
1296 3481 1404 3547 desti-

453 3581 564 3646 navit.
615 3580 747 3644 Eodem
769 3587 922 3662 tempore
941 3582 1138 3650 nuntiatum
1160 3588 1215 3644 est
1237 3581 1404 3665 principi-

453 3679 531 3757 bus,
547 3680 640 3761 quod
656 3673 858 3756 'Soldanua
873 3679 1060 3745 Persarum
1076 3679 1248 3757 dominus,
1262 3680 1310 3743 ad
1326 3677 1402 3746 An-

452 3778 691 3862 tiochenorum
707 3777 909 3844 instantiam
931 3787 966 3844 et
987 3799 1129 3844 suorum
1150 3779 1404 3863 postulationes

450 3877 625 3955 assiduas,
663 3877 929 3942 innumerabiles
968 3887 1179 3943 armatorum
1214 3879 1332 3960 copias
1365 3881 1403 3944 in

453 3975 589 4059 Syriam
616 3977 867 4054 transmiserat,
886 3997 965 4060 quae
988 3979 1065 4062 jam
1086 3978 1275 4055 imminere,
1302 3979 1406 4060 qnasi

453 4096 525 4159 prae
554 4076 696 4154 loribus,
724 4077 936 4141 dicebantur.
990 4077 1109 4162 Hujus
1134 4096 1271 4159 quoque
1301 4076 1404 4147 famae

671 4351 673 4356 ·
720 4330 729 4366 ¹
745 4332 887 4394 Sollicitus]
905 4331 913 4358 ‘
922 4327 1073 4394 Solidanus,’
1092 4333 1122 4382 C.
