3104 5186
416 553 552 604 rnonns
575 553 845 606 nrsronrnauu.
1063 541 1108 608 7³

152 713 357 778 transeundi
372 713 527 796 pacifice,
544 731 623 776 oum
645 712 711 776 sibi
733 720 826 777 esset
847 712 1241 831 P⁰¹¹it¹¹⁸d⁰¹10·i,·,¹,’„‡,⁰⁹,⁶,·

154 819 253 893 gata,
267 819 467 894 proponunt
483 820 607 891 terras,
624 831 712 894 quas
734 813 828 876 circa
842 811 967 878 fluvios
992 819 1028 878 et
1042 833 1104 896 pa·
1116 832 1268 874 neema.

157 911 256 974 ludes
271 932 335 975 rex
351 912 564 995 possidebat,
580 911 796 994 depopulari,
813 911 1012 978 suburbana
1028 933 1106 978 suc-

157 1010 317 1088 cendere,
347 1003 450 1074 etin
485 1011 588 1074 rebus
618 1010 693 1094 ejus
724 1010 896 1076 hostiliter
927 1011 1105 1080 desaevire.

156 1107 297 1174 Accidit
328 1128 411 1191 ergo
437 1109 493 1176 die
518 1109 682 1192 quadam,
709 1111 803 1192 quod
828 1110 1039 1194 septingenti
1061 1131 1106 1176 ex

157 1209 250 1289 regis
282 1208 408 1274 militia
437 1209 577 1290 navigio
600 1215 819 1274 transeuntes
847 1209 997 1296 occulto,
1021 1217 1058 1274 ut
1086 1229 1107 1274 a

156 1307 419 1390 peregrinorum
451 1307 586 1391 injuriis
607 1308 782 1389 regionem
806 1315 997 1386 tuerentur,
1022 1327 1106 1374 casu

158 1413 275 1470 tamen
291 1407 450 1471 hostibus
467 1407 581 1471 subito
597 1407 799 1485 obviabant,
824 1408 987 1489 aquibus
1009 1428 1107 1491 paene

155 1525 279 1570 omnes
310 1504 492 1579 interfecti¹
511 1513 605 1584 sunt,
637 1507 793 1589 exceptis
819 1507 952 1589 paucis,
982 1508 1105 1589 quiin

157 1612 296 1670 carecto
326 1610 362 1668 et
385 1604 569 1686 paludibus
599 1605 848 1684 salvabantur3
874 1611 910 1671 et
935 1605 1001 1670 hac
1026 1606 1105 1672 sreti

158 1705 308 1772 victoria
339 1703 512 1786 peregrini
537 1704 705 1787 adjiciunt
733 1705 850 1781 etiam,
882 1711 920 1770 ut
943 1706 1105 1788 pontibus

158 1802 339 1867 fabricatis
362 1803 560 1884 praesidium
590 1810 806 1885 expugnent,
830 1811 865 1868 et
890 1805 956 1868 iter
980 1803 1106 1885 gladiis

155 1908 398 1984 praeparantes
424 1921 568 1983 regnum
590 1903 722 1966 intrent
738 1902 919 1968 violenter.
970 1903 1106 1969 Deinde

158 2008 284 2083 pontes
310 2019 398 2083 quos
426 2008 695 2066 construxerant
716 2003 887 2066 moenibus
915 2001 1105 2084 applicant,

157 2107 196 2163 et
219 2119 282 2182 per
310 2116 428 2163 eorum
452 2100 656 2164 instantiam
680 2099 724 2164 ad
750 2100 785 2163 id
810 2107 1017 2183 perventum
1040 2109 1105 2180 est,

157 2204 199 2261 ut
224 2198 300 2282 jam
319 2206 467 2280 ,pateret
494 2198 657 2263 introitus
689 2199 900 2282 peregrinis3
939 2199 1000 2262 sed
1027 2219 1106 2264 ecce

160 2299 275 2364 subito
301 2298 436 2362 caelitus
462 2299 602 2363 incusso
631 2298 820 2363 victoribus
852 2299 987 2377 timore,
1015 2300 1106 2364 versi

159 2403 241 2461 sunt
267 2397 305 2461 in
328 2396 461 2478 fugam,
477 2417 618 2462 causam
641 2398 779 2480 penitus
803 2399 1017 2480 ignorantes,
1039 2398 1106 2462 sic·

159 2512 238 2578 que,
259 2497 412 2578 peccatis
436 2497 667 2578 exigentibus,
685 2503 785 2578 terga
810 2496 966 2562 hostibus
989 2504 1105 2563 osteu-

158 2595 281 2660 dentes
309 2594 531 2660 coutulerunt
552 2595 732 2660 audaciam
751 2595 884 2660 civibus
904 2597 1107 2680 desperatis,

157 2696 219 2779 qui
245 2695 326 2758 illos
350 2694 523 2776 fugientes
546 2695 691 2759 viriliter
714 2694 862 2758 insecuti
887 2703 1031 2760 mortem
1056 2698 1106 2760 eis

156 2792 394 2864 inevitabilem
411 2793 612 2858 intulerunt.
641 2794 698 2857 Ex
712 2795 836 2875 quibus
849 2813 964 2859 comes
976 2794 1106 2872 Emico,

157 2911 237 2956 oum
264 2892 458 2973 legionibus
484 2893 619 2975 fugiens
646 2892 835 2970 dissolutis
858 2894 895 2956 in
920 2912 1019 2958 suam
1045 2895 1107 2959 vix

156 2993 310 3074 patriam
347 2998 400 3055 est
435 3011 607 3070 reversus,
645 2992 704 3054 alii
729 3011 812 3057 vero
844 2991 989 3070 nobiles,
1020 3012 1108 3075 quos

156 3090 499 3174 praenominavimus,
515 3111 584 3174 per
610 3089 807 3154 Thariciam
831 3091 976 3154 exitium
1005 3091 1108 3156 decli·

157 3197 285 3254 nantes
317 3188 362 3251 ad
394 3189 534 3254 Italiam
565 3197 818 3272 pervenerunt3
846 3189 936 3253 unde
965 3198 1000 3255 et
1030 3191 1107 3273 qui-

156 3290 238 3353 dam
268 3288 313 3352 de
346 3287 572 3370 principibus,
606 3288 698 3353 idem
726 3289 793 3352 iter
823 3290 1020 3370 agentibus,
1047 3290 1108 3372 qui

159 3387 394 3470 Dyrrachium
418 3388 585 3470 navigare
607 3395 871 3470 proposuerant,
895 3407 933 3452 se
957 3389 993 3452 in
1009 3387 1109 3454 Gree-

158 3488 246 3550 ciam
264 3486 497 3554 contulerunt.
522 3525 524 3532 ,

157 3641 162 3648 ⁵
218 3660 441 3748 Dapropresra
454 3659 544 3726 daris
560 3660 726 3746 Godasridi
739 3670 767 3726 et
779 3660 929 3728 eoeneum
938 3657 1002 3746 σβυς
1017 3661 1053 3725 in

535 3781 610 3846 opas
625 3761 736 3825 arnob.

209 3883 315 3949 Anno
326 3884 538 3966 supradicto,
549 3885 609 3966 qui
624 3892 678 3949 est
689 3904 799 3949 annus
814 3885 956 3949 Domini
967 3902 1107 3962 nxovr„
1120 3902 1194 3991 gagfe
1203 3904 1244 3992 ⁰‘r

108 4067 111 4074 ,
162 4002 277 4048 mense
294 3982 469 4065 Augusto,
484 3983 617 4047 decimo
628 3985 749 4066 quinto
760 3985 815 4047 die
828 3987 967 4063 mensis,
979 3986 1109 4049 Lotha·
1122 3963 1232 4044 egun‘ssyrf'

162 4083 283 4166 ringiae
309 4082 388 4146 dux‘
407 4082 629 4161 GodefriduS,
646 4085 700 4148 vir
724 4085 881 4161 illustria,
907 4091 987 4166 post
1011 4073 1108 4149 Petr'i

165 4181 352 4251 Heremitae
390 4190 425 4246 et
456 4181 662 4247 Godescalci
697 4183 910 4266 aliorumque
947 4203 1128 4266 progres-v

163 4301 235 4345 sum
255 4282 496 4358 miserabilem,
520 4291 559 4346 ut
585 4283 787 4364 praedictum
813 4291 878 4360 est,
909 4285 1108 4350 convocatis
