3178 5194
409 523 548 572 anonas
572 523 841 573 arsuoamaou.
1036 505 1103 570 aba

153 683 315 747 dixerant
333 689 369 745 ot
388 687 492 746 extra
509 679 626 747 muros
641 681 795 746 civitatis
813 677 899 744 illud
921 677 1103 764 projicero,
1116 701 1171 743 aa
1182 699 1239 741 rur.

155 783 276 846 avibus
298 787 335 845 at
356 781 499 845 canibus
526 779 808 864 discerpendum
843 778 904 844 sod
930 779 1039 843 mbas
1060 779 1104 843 do

156 879 304 944 Boxleia
327 899 406 943 oum
432 879 546 962 priora
571 887 607 945 ot
634 885 808 945 conventu
833 877 989 944 aeclesias
1013 876 1105 943 Can·

155 977 339 1043 mariansis
355 978 442 1042 illud
458 977 638 1043 maturiori
649 972 884 1044 ¹tradidarunt
898 977 1103 1060 sepultum

154 1098 218 1142 noo
246 1077 456 1141 abluendum
485 1077 559 1142 sora
589 1077 659 1142 illis
689 1076 882 1155 videbatur,
912 1076 1105 1158 prasertim

156 1195 234 1240 oum
256 1176 364 1258 longa
384 1176 486 1241 nimis
508 1177 717 1242 abstinentia
740 1176 856 1240 fuerat
879 1184 1105 1252 maceratum,

155 1275 268 1339 cilicio
292 1277 486 1339 abstersum
511 1282 547 1340 et
568 1275 708 1358 proprio
729 1273 899 1357 sanguino
923 1293 1105 1338 consecra-

156 1381 241 1439 tum.
294 1373 339 1437 In
365 1373 430 1437 boo
456 1392 539 1439 sane
563 1375 674 1438 multa
702 1374 872 1438 notabilia
896 1381 1106 1437 concurrunt

156 1473 345 1555 martyri03
368 1471 491 1555 primo,
508 1473 600 1556 quod
618 1491 743 1556 passus
763 1480 817 1538 ost
833 1491 897 1555 pro
913 1471 1106 1536 assertione

155 1570 302 1655 justitias
326 1578 364 1637 ot
381 1571 536 1636 ecclosias
556 1573 737 1652 libertata3
767 1571 931 1648 secundo,
957 1570 1048 1652 quod
1069 1571 1106 1635 in

156 1671 303 1734 ecclesia
324 1690 394 1735 non
409 1671 653 1753 qualicunque,
670 1671 731 1735 aod
749 1670 787 1734 in
806 1669 880 1748 illa,
894 1689 973 1752 quae
996 1677 1107 1735 mater

156 1776 211 1833 est
226 1770 381 1833 omnium
402 1770 624 1834 ecclesiarum
644 1769 759 1852 gantis
778 1768 1009 1852 Anglioanae3
1038 1775 1108 1833 tor·

157 1869 219 1945 tio,
236 1869 330 1950 quod
349 1869 419 1933 'non
437 1869 474 1932 in
494 1870 649 1952 quolibet
663 1876 830 1951 tempora,
849 1867 911 1932 sod
930 1868 967 1932 in
985 1866 1108 1931 diebus

160 1967 355 2046 Naulibis,
372 1968 408 2032 in
424 1969 549 2050 quibus
564 1968 743 2033 homicidae
764 1969 813 2031 roi
832 1967 926 2031 laesoe
943 1965 1108 2049 majesta·

157 2067 204 2130 tis
228 2067 424 2146 habentur3
453 2075 590 2150 quarto,
614 2067 707 2151 quod
737 2087 807 2132 uon
832 2064 1022 2147 simplicem
1052 2083 1109 2128 sa-

157 2165 331 2230 cerdotem
354 2174 585 2248 peramarunt,
610 2166 671 2231 sod
697 2167 816 2249 utiquo
844 2165 961 2242 talem,
984 2163 1045 2245 qui
1071 2163 1108 2227 in

156 2285 266 2347 regno
289 2263 428 2346 Angliae
452 2273 528 2331 arat
551 2284 706 2329 summus
736 2267 775 2329 in
796 2263 925 2348 populo
952 2269 988 2326 at
1009 2269 1110 2344 patar

158 2364 314 2428 omnium
324 2364 563 2443 sacerdotum
581 2364 716 2446 quinto,
727 2362 820 2445 quod
837 2383 907 2428 non
920 2379 1045 2444 passus
1056 2367 1110 2424 est

159 2465 197 2526 in
212 2463 369 2545 quolibet
383 2462 548 2539 membro,
568 2463 629 2526 sad
649 2463 686 2526 in
701 2482 743 2526 eo
760 2461 913 2545 corporis
932 2460 1022 2537 loco,
1040 2478 1110 2541 quo

157 2571 339 2625 tonsuram
358 2567 551 2643 acceperat,
568 2567 608 2625 ut
626 2560 807 2626 insortam
828 2560 897 2625 Dei
914 2559 1111 2624 admittere·

157 2667 229 2737 tur,
248 2667 284 2724 ot
304 2680 408 2744 quom
432 2661 521 2724 saori
546 2660 699 2742 perfusio
724 2659 791 2725 oloi
814 2659 965 2724 Domino
978 2677 1110 2748 *conse-

157 2760 284 2824 orauit.

195 2932 245 2996 Do
259 2931 446 3018 punitentia
463 2931 552 3016 rogia,
567 2938 596 2995 ot
609 2928 692 3014 quod
704 2928 828 2996 aonios
842 2929 974 2995 Romam
987 2929 1082 3006 mt'sit,

473 3030 528 3114 qui
543 3050 610 3094 etam
624 3035 813 3094 maumam

208 3133 505 3236 Rax²Anglorum
515 3151 786 3216 Honricustuno
801 3150 1012 3232 temporisin
1023 3147 1112 3212 Nor·
1099 3171 1159 3211 -a
1159 3168 1215 3259 '21¹³'

164 3252 305 3316 mannia
330 3254 530 3317 morabatur
555 3251 648 3335 apud
680 3249 947 3332 argentonium,
974 3247 1161 3331 quandoa
1124 3221 1275 3309 ‘⁰⁰‘i¹¹ai¹¹'⁰rn

165 3369 283 3413 rumor
303 3351 475 3415 infaustus
495 3350 540 3414 ad
566 3369 657 3427 eum,
683 3348 889 3432 quibusdam
910 3347 1112 3429 perferenti·
1125 3319 1168 3360 ³⁰⁰
1168 3320 1212 3360 m

163 3450 241 3526 bus,
260 3450 477 3531 penetravit3
511 3449 571 3531 qni
590 3449 629 3511 in
649 3448 769 3530 primis
786 3446 829 3511 ad
853 3447 970 3511 omnia
982 3447 1113 3510 lamen·

165 3548 336 3614 tationum
362 3566 401 3610 so
429 3554 635 3612 convertens
665 3565 794 3628 genera
823 3547 955 3627 regiam
988 3544 1114 3628 majas·

163 3655 273 3711 tatem
301 3665 442 3730 prorsus
472 3646 508 3710 in
539 3647 655 3710 cinero
684 3653 721 3709 et
743 3644 855 3710 cilicio
878 3644 1115 3720 commutavit,

163 3745 435 3828 omnipotentem
451 3744 565 3809 Deum
581 3752 704 3809 testem
720 3744 901 3820 inuocans,
918 3743 1010 3826 quod
1026 3760 1114 3825 opus

163 3843 333 3907 nefarium
353 3864 417 3909 noo
438 3864 503 3910 sua
519 3844 700 3909 voluntata
719 3842 775 3907 vel
794 3843 1006 3907 conscientia
1021 3861 1114 3906 oom-

165 3944 309 4007 missum
334 3952 401 4021 ast,
427 3963 490 4006 neo
521 3961 585 4007 suo
610 3941 757 4006 artificio
781 3940 1023 4023 perquisitum,
1046 3940 1114 4002 nisi

164 4042 255 4106 sorta
269 4061 315 4106 ox
332 4040 398 4107 boo
413 4061 493 4106 raus
507 4043 565 4118 sit,
579 4040 673 4123 quod
688 4039 985 4120 archiepiscopum
1001 4037 1115 4100 minna

204 4224 416 4288 ¹Trudideraat.]
427 4219 590 4274 ‘uadentes’
601 4223 627 4272 in
690 4220 786 4286 maa]
808 4219 934 4282 Compare
951 4220 1052 4280 Dioeto,
1069 4219 1118 4269 ool.

166 4296 224 4346 MS.
655 4292 786 4356 suavita
797 4291 947 4352 Quadrilog.
959 4305 985 4352 p.
997 4292 1055 4340 lto.
