3178 5194
475 512 613 562 rnonns
637 513 904 563 ursromnauu.
1098 497 1162 563 ‘431

212 691 281 736 non
303 677 451 754 possunt
473 671 651 747 aestimari,
673 690 742 736 non
765 678 821 735 est
844 671 1016 738 intereos
1038 680 1074 738 et
1099 684 1229 738 nossa
1242 690 1297 728 no

211 791 305 838 mare
328 791 392 836 nec
409 771 517 834 ullum
539 770 820 853 impedimentum
838 772 998 836 veniendi
1020 774 1064 837 ad
1087 794 1163 839 nos
1175 790 1260 830 souin
1225 740 1293 828 ⁰05

213 871 260 937 Et
277 870 456 936 nobiscum
474 869 646 934 habentur
662 870 837 935 Bedewini
839 889 948 952 ,qnos
965 871 996 936 si
1010 892 1164 957 oppone·
1220 848 1317 888 'W

214 989 328 1036 remus
353 969 501 1034 inimicis
524 970 664 1046 nostris,
691 968 906 1050 sufficerent;
936 970 1102 1036 babemus
1128 980 1165 1037 et

214 1069 492 1146 Turkemannos‚
512 1088 599 1151 quos
617 1070 647 1134 si
662 1068 914 1134 effunderemus
933 1089 1038 1154 super
1054 1072 1165 1136 inimi-

215 1187 274 1234 cos
296 1175 447 1245 nostros,
469 1167 687 1234 destruerent
708 1187 790 1249 eos;
814 1169 980 1235 babemus
1002 1172 1179 1248 rusticos>

216 1269 276 1351 qni
292 1268 494 1334 dimicarent
508 1274 659 1345 strenue,
675 1269 704 1332 si
714 1268 928 1352 juberemus,
941 1278 1064 1335 eontra
1080 1290 1165 1353 gen-

216 1375 269 1432 tes
290 1386 370 1449 quae
392 1373 548 1432 venturae
568 1373 651 1432 sunt
672 1375 922 1451 superterram
946 1377 1113 1448 nostram,
1130 1377 1166 1434 et

215 1467 409 1534 ditarentur
428 1465 470 1530 de
490 1466 540 1530 eis
557 1475 593 1531 et
607 1467 878 1533 exterminarent
896 1489 976 1550 θοις
999 1470 1166 1535 babemus

217 1566 385 1632 soldarios
413 1564 608 1643 bellicosos,
642 1587 704 1650 per
733 1587 822 1650 quos
849 1575 977 1634 terram
1009 1576 1165 1653 apertam

217 1666 381 1731 habemus
400 1672 437 1732 et
455 1664 665 1747 adquisitam
687 1674 725 1731 et
744 1677 966 1751 expugnatos
985 1669 1164 1749 inimicos3

218 1763 320 1830 ethii
345 1771 380 1830 et
404 1782 524 1830 omnes
548 1784 648 1846 reges
667 1768 864 1848 paganismi
889 1787 958 1833 non
979 1769 1166 1832 tardabunt

217 1884 295 1930 eum
310 1883 370 1929 eos
387 1865 699 1930 summonuerimns
714 1872 750 1928 et
763 1867 1013 1930 vocaverimus.
1041 1867 1088 1931 Et
1102 1887 1165 1932 vos

218 1984 296 2028 cum
313 1963 447 2028 breritis
462 1964 676 2045 congregati,
692 1962 784 2027 sicut
802 1963 924 2028 charta
936 1971 1054 2029 vestra
1071 1965 1166 2043 dicit,

214 2070 254 2128 et
274 2063 407 2130 ducetis
429 2062 684 2128 multitudinem
700 2069 864 2139 vestram,
880 2071 921 2127 ut
939 2071 1060 2128 namot
1077 2084 1166 2127 nnu-

218 2164 287 2228 tius
303 2169 430 2238 vester,
453 2162 669 2226 obviabimus
688 2161 789 2226 vobis
807 2181 870 2245 per
888 2163 1078 2245 potentiam
1097 2163 1165 2228 Dei

219 2270 254 2328 et
282 2262 511 2328 obtinebimus
540 2268 652 2326 terras
677 2261 878 2326 fortitudine
903 2260 991 2341 Dei;
1021 2282 1113 2341 nam,
1134 2265 1167 2330 si

219 2361 394 2439 veneritis,
410 2381 489 2428 cum
508 2367 584 2428 toto
602 2379 705 2444 posse
724 2368 841 2426 vestro
859 2360 1005 2425 venietis
1023 2369 1059 2426 et
1078 2381 1167 2445 prae-

218 2469 333 2528 sentes
357 2461 454 2526 eritis
479 2470 558 2526 cum
585 2463 678 2526 omni
701 2467 804 2542 gente
825 2466 954 2538 vestra,
983 2468 1018 2525 et
1038 2461 1167 2524 seimus

218 2562 311 2645 quod
330 2561 445 2626 nullus
467 2560 658 2628 remanebit
673 2560 709 2624 in
727 2566 820 2625 terra
834 2566 962 2638 vestra,
980 2560 1041 2643 qni
1057 2579 1095 2624 se
1110 2560 1168 2624 de.

217 2660 356 2726 fondere
376 2661 488 2743 possit
504 2681 568 2727 nee
585 2668 713 2725 terram
731 2659 839 2740 tueri3
863 2667 898 2724 et
913 2659 1053 2743 quando
1071 2660 1168 2724 Deus

218 2761 400 2825 victoriam
427 2762 526 2826 nobis
552 2780 616 2826 sua
638 2760 841 2826 fortitudine
867 2760 1060 2840 donaverit,
1082 2760 1167 2824 nibil

219 2859 367 2938 amplius
390 2860 456 2925 erit
480 2879 584 2942 quam
613 2867 653 2925 ut
680 2866 790 2925 terras
814 2867 949 2926 vestras
976 2861 1083 2924 libere
1108 2879 1167 2924 ca·

219 2955 354 3035 piamus
380 2956 582 3022 fortitudine
612 2978 675 3022 sua
703 2967 739 3023 et
766 2959 959 3026 voluntate.
988 2959 1168 3025 Adunatio

218 3053 311 3118 enim
332 3052 420 3133 legis
442 3052 717 3120 Christianorum
736 3057 790 3120 bis
807 3059 904 3121 venit
925 3077 1030 3141 super
1051 3079 1114 3124 nos
1131 3060 1167 3123 in

220 3151 413 3235 Babylone,
442 3169 514 3214 una
539 3151 615 3216 vice
647 3153 739 3236 apud
770 3155 968 3220 Damietam
993 3164 1029 3220 et
1056 3158 1167 3221 altera

218 3252 311 3335 apud
334 3249 596 3327 Alexandriam,
619 3259 655 3317 et
674 3253 784 3318 nostis
807 3254 956 3337 qualiter
978 3253 1167 3319 Christiani

216 3359 365 3433 utraque
385 3350 461 3413 vice
484 3348 647 3414 redierint
669 3357 705 3414 et
726 3352 771 3415 ad
793 3353 931 3434 qualem
954 3351 1086 3418 exitum
1108 3375 1168 3419 ve-

217 3451 352 3529 nerint3
376 3457 412 3514 et
439 3448 536 3512 Deus
558 3449 740 3534 adjuvavit
764 3452 863 3514 nobis
887 3452 1047 3533 regiones
1069 3452 1168 3517 afflu-

218 3551 345 3626 entius,
366 3555 401 3612 et
424 3548 592 3613 adunavit
609 3569 668 3614 eas
691 3549 793 3632 longe
810 3551 949 3632 lateque
969 3552 1033 3615 sub
1052 3561 1166 3635 potes-

218 3656 291 3714 tate
316 3655 450 3726 nostra,
476 3649 707 3732 Babyloniam
731 3669 809 3714 cum
835 3651 1053 3732 pertiuentiis
1081 3654 1165 3731 suia,

217 3757 345 3813 terram
363 3748 531 3813 Damasei
551 3755 587 3812 et
607 3749 827 3826 maritimam,
849 3748 1080 3828 Hierusalem,
1099 3758 1166 3816 ter-

216 3867 290 3914 ram
317 3846 493 3912 Gethsure
518 3854 552 3912 et
577 3849 723 3914 castella
746 3848 832 3932 ejus,
856 3856 984 3913 terram
1008 3843 1165 3916 ¹Roasiae

216 3967 295 4012 cum
314 3948 545 4030 pertinentiis,
563 3948 738 4029 regionem
762 3948 873 4013 Indiae
893 3968 971 4012 oum
991 3951 1165 4032 pertiuen-

217 4047 297 4125 tiis3
320 4054 356 4111 et
372 4066 435 4130 per
451 4047 599 4128 gratiam
625 4048 693 4111 Dei
712 4047 777 4112 hoc
794 4054 907 4113 totum
927 4048 1035 4113 estin
1055 4049 1165 4112 mani-

433 4221 441 4256 ¹
456 4219 587 4292 limera]
616 4220 759 4288 ‘Gesyrress
781 4224 950 4288 Ooggeshale.
