3178 5194
455 552 523 618 396
712 568 846 618 noennr
871 567 918 616 nn
940 567 1151 617 wnnnovnn

297 726 353 784 ln.
364 744 439 784 rnn-
458 746 576 792 arcere
591 729 660 789 non'
678 732 827 808 poterat,
849 722 939 788 unde
960 724 1093 807 placuit
1115 723 1247 803 abbati,
1265 731 1306 789 ut
1319 745 1415 790 mar-

294 792 444 895 ilssilelld'.
460 833 555 912 tyres
577 826 689 890 sancti
710 825 746 888 in
769 825 862 889 beati
877 823 1005 889 Albani
1027 824 1206 888 basilicam
1228 832 1411 907 portaren-

460 933 530 1004 tur,
544 926 604 989 nbi
622 924 782 989 'custodia
805 923 1005 1006 diligentior
1026 930 1062 987 et
1077 925 1245 988 securitas
1262 925 1412 1008 amplior

460 1029 598 1109 poterat
620 1023 789 1089 adhiberi.
839 1021 934 1101 Quid
957 1022 1093 1088 multat
1146 1024 1308 1088 Redeunt
1331 1043 1410 1088 eum

460 1126 586 1189 abbate
607 1123 733 1188 fratres
756 1123 943 1204 separatim
964 1130 1163 1188 sanctorum
1186 1142 1333 1205 corpora
1350 1124 1413 1187 de·

459 1224 620 1289 ferentes.
673 1222 837 1290 Procedit
852 1222 1062 1304 martyribus
1079 1223 1217 1287 obviarn
1237 1243 1315 1286 cum
1330 1229 1410 1306 pro-

460 1325 616 1388 cessione
643 1329 848 1399 eonventus,
870 1340 996 1404 corpus
1021 1341 1137 1386 seeum
1161 1323 1256 1386 beati
1279 1321 1409 1386 Albani

460 1424 623 1507 martyris
647 1423 882 1504 deportantes,
905 1421 997 1503 quod
1021 1441 1100 1486 cum
1125 1421 1309 1504 aliquoties
1325 1441 1409 1486 con·

461 1524 626 1600 sueverit,
652 1529 755 1604 prout
777 1521 853 1605 ejus
880 1521 1116 1604 portatoribus
1144 1527 1293 1597 constat,
1322 1522 1409 1586 satis

462 1623 612 1686 existere
633 1621 876 1702 ponderosum,
899 1627 1033 1684 tantam
1056 1621 1109 1684 sui
1130 1620 1335 1685 facilitatem
1345 1620 1408 1684 illa

461 1720 547 1785 hora
571 1719 740 1797 exhibuit,
768 1726 807 1783 ut
828 1719 947 1784 volare
977 1719 1095 1803 potius
1122 1739 1225 1803 quam
1255 1719 1409 1784 humeris

461 1819 644 1884 ferentium
673 1820 870 1884 incumbere
901 1819 1104 1899 videretur3
1141 1820 1291 1885 occurrit
1323 1839 1408 1902 ergo

461 1927 594 2003 martyr
616 1918 839 2002 martyribus,
861 1920 1029 2001 magistro
1054 1918 1255 2001 discipulus,
1281 1926 1317 1983 et
1334 1919 1411 2003 jam

460 2020 577 2102 palam
598 2019 804 2101 magistrum
825 2019 1214 2102 recepitrevertontem,
1232 2037 1333 2101 quem
1347 2019 1410 2082 ha-

459 2120 565 2184 bebat
587 2119 668 2184 olim
691 2118 781 2182 clam
806 2118 885 2182 iidei
907 2119 1083 2182 doctorem
1106 2118 1144 2181 in
1165 2119 1307 2200 tugurio
1328 2118 1410 2182 lati·

408 2297 412 2304 ,
460 2225 605 2284 tantem.
650 2218 719 2282 Sed
738 2217 954 2295 miraculum,
972 2217 1064 2300 quod
1085 2217 1121 2279 in
1136 2217 1315 2281 elementis
1336 2218 1411 2283 suis

462 2318 635 2382 Dominus
651 2319 831 2382 ostendere
857 2317 1097 2399 dignatusest
1122 2336 1201 2380 cum
1226 2316 1409 2382 obviantes

461 2437 499 2482 se
529 2419 689 2501 primitus
718 2417 873 2500 reliquiae
902 2417 1033 2499 pariter
1055 2423 1312 2494 convenerunt,
1340 2437 1409 2482 non

462 2517 564 2582 debet
590 2518 655 2581 sub
676 2517 815 2581 silentio
835 2516 1027 2600 praeteriri3
1056 2517 1247 2580 cumcuim
1271 2516 1409 2581 siccitas

382 2633 386 2641 ·
462 2615 644 2699 prolixior,
661 2617 795 2681 exustis
812 2616 927 2681 herbis
943 2623 978 2680 et
994 2615 1173 2692 fructibus,
1186 2615 1316 2681 diutius
1333 2637 1410 2699 per-

462 2716 625 2792 durasset,
640 2723 676 2780 et
698 2716 868 2798 agricolas
890 2715 1092 2798 desperatos
1118 2714 1333 2792 reddidisset,
1351 2735 1411 2780 eo·

461 2816 539 2880 dem
556 2824 741 2892 momento,
758 2835 836 2879 cum
848 2816 884 2878 in
899 2834 979 2879 aere
994 2835 1057 2880 nee
1072 2815 1211 2879 minima
1225 2821 1410 2896 appareret

462 2915 645 2992 nubecula,
660 2921 758 2979 tauta
773 2915 968 2998 pluviarum
985 2915 1164 2979 inundatio
1181 2914 1350 2996 prorupit,
1368 2921 1408 2979 ut

462 3023 497 3080 et
514 3014 913 3097 copiosedeseendentes
932 3014 1059 3079 imbres
1079 3021 1205 3078 terram
1223 3015 1410 3078 irrorarent

462 3123 497 3178 et
512 3115 704 3198 desperatae
719 3115 841 3179 messis
856 3133 953 3198 spem
969 3111 1211 3197 promitterent
1228 3114 1410 3180 letiorem.

463 3215 633 3280 Inventus
648 3222 702 3279 est
716 3223 832 3280 autem
848 3214 1021 3299 pretiosus
1033 3221 1166 3296 martyr
1181 3211 1410 3297 Amphibalus

462 3336 540 3380 cum
556 3316 659 3381 sociis
676 3300 760 3393 suiS,
783 3322 818 3379 et
832 3316 868 3378 in
882 3314 1063 3378 eeclesiam
1076 3313 1170 3377 beati
1185 3313 1315 3378 Albani
1331 3332 1409 3377 cum

462 3416 606 3480 canticis
634 3421 670 3481 et
687 3415 829 3478 laudum
854 3413 1036 3498 praeconiis
1062 3411 1249 3477 solenniter
1274 3413 1409 3477 delatus

462 3521 527 3592 est,
550 3534 641 3578 anno
664 3533 686 3577 a
704 3515 865 3597 passione
887 3531 954 3576 sua
977 3511 1263 3593 octingentesimo
1289 3520 1409 3576 octua-

462 3616 594 3696 gesimo
611 3621 725 3690 sexto,
744 3614 789 3677 ab
811 3612 1049 3677 incarnatione
1064 3612 1208 3676 Domini
1228 3611 1410 3676 millesimo

461 3697 649 3779 centesimo
666 3713 922 3795 septuagesimo
934 3711 1094 3793 septimo,
1108 3711 1164 3776 die
1175 3712 1324 3788 sabbati,
1334 3731 1412 3794 sep-

462 3814 546 3877 timo
564 3812 731 3877 kalendas
747 3811 770 3877 J
773 3812 848 3876 ulii.
900 3811 1146 3894 inpraesentia
1165 3818 1281 3875 autem
1304 3829 1410 3890 ‘sanc-

462 3920 575 3976 tarum
597 3913 819 3995 reliquiarum
841 3911 963 3992 ipsius,
985 3929 1118 3974 necnon
1144 3918 1180 3975 et
1201 3911 1239 3974 in
1258 3910 1337 3974 loco
1356 3929 1410 3975 se·

462 4013 613 4096 pulturae
626 4012 714 4096 ejus,
730 4012 773 4075 ad
786 4010 924 4074 laudem
941 4010 1008 4074 Dei
1024 4017 1060 4074 et
1076 4009 1221 4091 gloriam
1234 4011 1410 4093 martyris,

463 4132 485 4176 a
510 4113 656 4177 diversis
675 4111 934 4175 infirmitatibus
956 4115 1124 4174 sanantur
1146 4109 1282 4191 aegroti,
1306 4130 1410 4173 mem·

461 4213 533 4304 bra.
557 4211 751 4295 paralytica
778 4209 981 4287 solidantur,
1007 4215 1181 4272 mutorum
1205 4227 1267 4302 ora
1294 4208 1339 4272 ad
1362 4209 1412 4300 lo-

461 4311 634 4392 quendum
657 4311 834 4388 laxantur,
856 4309 958 4375 caecis
982 4309 1144 4374 tribuitur
1168 4307 1276 4387 visuS,
1298 4308 1412 4374 surdis
