<?xml version="1.0" encoding="UTF-8"?>
<!DOCTYPE html PUBLIC "-//W3C//DTD XHTML 1.0 Transitional//EN"
    "http://www.w3.org/TR/xhtml1/DTD/xhtml1-transitional.dtd">
<html xmlns="http://www.w3.org/1999/xhtml" xml:lang="en" lang="en">
 <head>
  <title>
</title>
<meta http-equiv="Content-Type" content="text/html;charset=utf-8" />
  <meta name='ocr-system' content='tesseract 3.04.00' />
  <meta name='ocr-capabilities' content='ocr_page ocr_carea ocr_par ocr_line ocrx_word'/>
</head>
<body>
  <div class='ocr_page' id='page_1' title='image "./rogeridewendove07rogegoog_0041.png"; bbox 0 0 3190 5202; ppageno 0'>
   <div class='ocr_carea' id='block_1_1' title="bbox 448 507 1140 574">
    <p class='ocr_par' dir='ltr' id='par_1_1' title="bbox 448 507 1140 574">
     <span class='ocr_line' id='line_1_1' title="bbox 448 507 1140 574; baseline -0.001 -2"><span class='ocrx_word' id='word_1_1' title='bbox 448 507 493 572; x_wconf 72' lang='lat'><strong>80</strong></span> <span class='ocrx_word' id='word_1_2' title='bbox 703 525 837 573; x_wconf 81' lang='lat' dir='ltr'><strong>noonnr</strong></span> <span class='ocrx_word' id='word_1_3' title='bbox 861 525 909 572; x_wconf 88' lang='lat' dir='ltr'><strong>nn</strong></span> <span class='ocrx_word' id='word_1_4' title='bbox 932 524 1140 574; x_wconf 75' lang='lat' dir='ltr'><strong>wnnnovrn</strong></span> 
     </span>
    </p>
   </div>
   <div class='ocr_carea' id='block_1_2' title="bbox 290 680 1400 862">
    <p class='ocr_par' dir='ltr' id='par_1_2' title="bbox 290 680 1400 862">
     <span class='ocr_line' id='line_1_2' title="bbox 290 680 1400 763; baseline -0.002 -19"><span class='ocrx_word' id='word_1_5' title='bbox 290 703 414 744; x_wconf 63' lang='lat' dir='ltr'><strong>senar.</strong></span> <span class='ocrx_word' id='word_1_6' title='bbox 449 685 612 744; x_wconf 86' lang='lat' dir='ltr'><strong>crematae</strong></span> <span class='ocrx_word' id='word_1_7' title='bbox 634 680 839 762; x_wconf 76' lang='lat' dir='ltr'><strong>assignavit.</strong></span> <span class='ocrx_word' id='word_1_8' title='bbox 892 680 1071 745; x_wconf 88' lang='lat' dir='ltr'><strong>Ordinatis</strong></span> <span class='ocrx_word' id='word_1_9' title='bbox 1092 681 1201 763; x_wconf 88' lang='lat' dir='ltr'><strong>igitur</strong></span> <span class='ocrx_word' id='word_1_10' title='bbox 1216 681 1281 746; x_wconf 90' lang='lat' dir='ltr'><strong>rite</strong></span> <span class='ocrx_word' id='word_1_11' title='bbox 1298 681 1400 744; x_wconf 84' lang='lat' dir='ltr'><strong>rebus</strong></span> 
     </span>
     <span class='ocr_line' id='line_1_3' title="bbox 449 774 1400 862; baseline -0.003 -18"><span class='ocrx_word' id='word_1_12' title='bbox 449 779 617 855; x_wconf 92' lang='lat' dir='ltr'><strong>omnihus,</strong></span> <span class='ocrx_word' id='word_1_13' title='bbox 638 787 763 844; x_wconf 87' lang='lat' dir='ltr'><strong>octavo</strong></span> <span class='ocrx_word' id='word_1_14' title='bbox 785 780 863 844; x_wconf 90' lang='lat' dir='ltr'><strong>idus</strong></span> <span class='ocrx_word' id='word_1_15' title='bbox 883 779 1094 862; x_wconf 78' lang='lat' dir='ltr'><strong>Septembris</strong></span> <span class='ocrx_word' id='word_1_16' title='bbox 1110 774 1286 856; x_wconf 88' lang='lat' dir='ltr'><strong>¹decessit,</strong></span> <span class='ocrx_word' id='word_1_17' title='bbox 1308 798 1400 842; x_wconf 88' lang='lat' dir='ltr'><strong>anno</strong></span> 
     </span>
    </p>
   </div>
   <div class='ocr_carea' id='block_1_3' title="bbox 339 877 1402 3802">
    <p class='ocr_par' dir='ltr' id='par_1_3' title="bbox 339 877 1402 3802">
     <span class='ocr_line' id='line_1_4' title="bbox 450 877 1402 960; baseline 0 -21"><span class='ocrx_word' id='word_1_18' title='bbox 450 878 548 958; x_wconf 91' lang='lat' dir='ltr'><strong>regni</strong></span> <span class='ocrx_word' id='word_1_19' title='bbox 572 877 627 943; x_wconf 90' lang='lat' dir='ltr'><strong>sui</strong></span> <span class='ocrx_word' id='word_1_20' title='bbox 646 878 815 960; x_wconf 86' lang='lat' dir='ltr'><strong>vigesimo</strong></span> <span class='ocrx_word' id='word_1_21' title='bbox 840 878 1004 956; x_wconf 90' lang='lat' dir='ltr'><strong>secundo,</strong></span> <span class='ocrx_word' id='word_1_22' title='bbox 1028 878 1175 944; x_wconf 88' lang='lat' dir='ltr'><strong>ducatus</strong></span> <span class='ocrx_word' id='word_1_23' title='bbox 1197 898 1280 943; x_wconf 89' lang='lat' dir='ltr'><strong>vero</strong></span> <span class='ocrx_word' id='word_1_24' title='bbox 1300 878 1402 960; x_wconf 90' lang='lat' dir='ltr'><strong>quin·</strong></span> 
     </span>
     <span class='ocr_line' id='line_1_5' title="bbox 450 976 1399 1059; baseline 0 -21"><span class='ocrx_word' id='word_1_25' title='bbox 450 977 651 1057; x_wconf 90' lang='lat' dir='ltr'><strong>quagesimo</strong></span> <span class='ocrx_word' id='word_1_26' title='bbox 689 976 853 1055; x_wconf 86' lang='lat' dir='ltr'><strong>secundo,</strong></span> <span class='ocrx_word' id='word_1_27' title='bbox 888 977 972 1040; x_wconf 76' lang='lat' dir='ltr'><strong>vitae</strong></span> <span class='ocrx_word' id='word_1_28' title='bbox 1007 996 1081 1041; x_wconf 86' lang='lat' dir='ltr'><strong>suae</strong></span> <span class='ocrx_word' id='word_1_29' title='bbox 1112 976 1399 1059; x_wconf 85' lang='lat' dir='ltr'><strong>quinquagesimo</strong></span> 
     </span>
     <span class='ocr_line' id='line_1_6' title="bbox 450 1075 1398 1151; baseline -0.001 -14"><span class='ocrx_word' id='word_1_30' title='bbox 450 1093 554 1151; x_wconf 93' lang='lat' dir='ltr'><strong>nono,</strong></span> <span class='ocrx_word' id='word_1_31' title='bbox 575 1075 768 1139; x_wconf 82' lang='lat' dir='ltr'><strong>Dominicae</strong></span> <span class='ocrx_word' id='word_1_32' title='bbox 792 1076 1041 1140; x_wconf 81' lang='lat' dir='ltr'><strong>incarnationis</strong></span> <span class='ocrx_word' id='word_1_33' title='bbox 1071 1075 1253 1140; x_wconf 90' lang='lat' dir='ltr'><strong>millesimo</strong></span> <span class='ocrx_word' id='word_1_34' title='bbox 1279 1082 1398 1138; x_wconf 89' lang='lat' dir='ltr'><strong>octua-</strong></span> 
     </span>
     <span class='ocr_line' id='line_1_7' title="bbox 450 1172 1399 1254; baseline -0.003 -18"><span class='ocrx_word' id='word_1_35' title='bbox 450 1173 583 1254; x_wconf 90' lang='lat' dir='ltr'><strong>gesimo</strong></span> <span class='ocrx_word' id='word_1_36' title='bbox 611 1174 767 1254; x_wconf 91' lang='lat' dir='ltr'><strong>septimo.</strong></span> <span class='ocrx_word' id='word_1_37' title='bbox 820 1172 956 1254; x_wconf 85' lang='lat' dir='ltr'><strong>Corpus</strong></span> <span class='ocrx_word' id='word_1_38' title='bbox 982 1174 1183 1238; x_wconf 83' lang='lat' dir='ltr'><strong>defunctum</strong></span> <span class='ocrx_word' id='word_1_39' title='bbox 1209 1172 1399 1237; x_wconf 87' lang='lat' dir='ltr'><strong>Gadomum</strong></span> 
     </span>
     <span class='ocr_line' id='line_1_8' title="bbox 449 1271 1398 1354; baseline -0.003 -20"><span class='ocrx_word' id='word_1_40' title='bbox 449 1291 512 1352; x_wconf 91' lang='lat' dir='ltr'><strong>per</strong></span> <span class='ocrx_word' id='word_1_41' title='bbox 537 1271 734 1352; x_wconf 83' lang='lat' dir='ltr'><strong>Sequanam</strong></span> <span class='ocrx_word' id='word_1_42' title='bbox 765 1271 918 1335; x_wconf 90' lang='lat' dir='ltr'><strong>delatum</strong></span> <span class='ocrx_word' id='word_1_43' title='bbox 948 1292 1076 1353; x_wconf 89' lang='lat' dir='ltr'><strong>magna</strong></span> <span class='ocrx_word' id='word_1_44' title='bbox 1101 1273 1150 1335; x_wconf 93' lang='lat' dir='ltr'><strong>ibi</strong></span> <span class='ocrx_word' id='word_1_45' title='bbox 1174 1271 1398 1354; x_wconf 83' lang='lat' dir='ltr'><strong>praelatorum</strong></span> 
     </span>
     <span class='ocr_line' id='line_1_9' title="bbox 449 1362 1399 1451; baseline 0 -20"><span class='ocrx_word' id='word_1_46' title='bbox 449 1369 644 1450; x_wconf 84' lang='lat' dir='ltr'><strong>frequentia</strong></span> <span class='ocrx_word' id='word_1_47' title='bbox 665 1362 833 1433; x_wconf 85' lang='lat' dir='ltr'><strong>²traditur</strong></span> <span class='ocrx_word' id='word_1_48' title='bbox 855 1369 1053 1451; x_wconf 86' lang='lat' dir='ltr'><strong>sepulturae.</strong></span> <span class='ocrx_word' id='word_1_49' title='bbox 1106 1369 1281 1433; x_wconf 88' lang='lat' dir='ltr'><strong>Rohertus</strong></span> <span class='ocrx_word' id='word_1_50' title='bbox 1308 1369 1399 1432; x_wconf 88' lang='lat' dir='ltr'><strong>filius</strong></span> 
     </span>
     <span class='ocr_line' id='line_1_10' title="bbox 451 1466 1399 1551; baseline -0.001 -22"><span class='ocrx_word' id='word_1_51' title='bbox 451 1467 527 1550; x_wconf 86' lang='lat' dir='ltr'><strong>ejus</strong></span> <span class='ocrx_word' id='word_1_52' title='bbox 551 1466 812 1548; x_wconf 86' lang='lat' dir='ltr'><strong>primogenitus,</strong></span> <span class='ocrx_word' id='word_1_53' title='bbox 834 1474 987 1551; x_wconf 89' lang='lat' dir='ltr'><strong>tempore</strong></span> <span class='ocrx_word' id='word_1_54' title='bbox 1010 1487 1080 1551; x_wconf 91' lang='lat' dir='ltr'><strong>quo</strong></span> <span class='ocrx_word' id='word_1_55' title='bbox 1100 1475 1202 1549; x_wconf 91' lang='lat' dir='ltr'><strong>pater</strong></span> <span class='ocrx_word' id='word_1_56' title='bbox 1217 1467 1399 1533; x_wconf 87' lang='lat' dir='ltr'><strong>defunctus</strong></span> 
     </span>
     <span class='ocr_line' id='line_1_11' title="bbox 452 1565 1399 1646; baseline 0.001 -18"><span class='ocrx_word' id='word_1_57' title='bbox 452 1570 518 1642; x_wconf 89' lang='lat' dir='ltr'><strong>est,</strong></span> <span class='ocrx_word' id='word_1_58' title='bbox 536 1571 656 1628; x_wconf 90' lang='lat' dir='ltr'><strong>contra</strong></span> <span class='ocrx_word' id='word_1_59' title='bbox 671 1571 804 1646; x_wconf 90' lang='lat' dir='ltr'><strong>patrem</strong></span> <span class='ocrx_word' id='word_1_60' title='bbox 819 1565 854 1628; x_wconf 95' lang='lat' dir='ltr'><strong>in</strong></span> <span class='ocrx_word' id='word_1_61' title='bbox 873 1566 1023 1630; x_wconf 83' lang='lat' dir='ltr'><strong>Francia</strong></span> <span class='ocrx_word' id='word_1_62' title='bbox 1037 1566 1229 1630; x_wconf 79' lang='lat' dir='ltr'><strong>rebellavit.</strong></span> <span class='ocrx_word' id='word_1_63' title='bbox 1263 1565 1399 1629; x_wconf 88' lang='lat' dir='ltr'><strong>Willel·</strong></span> 
     </span>
     <span class='ocr_line' id='line_1_12' title="bbox 339 1643 1399 1746; baseline 0.001 -21"><span class='ocrx_word' id='word_1_64' title='bbox 339 1643 371 1672; x_wconf 73' lang='lat'><strong>&#39;¹⁸&#39;</strong></span> <span class='ocrx_word' id='word_1_65' title='bbox 451 1680 528 1726; x_wconf 90' lang='lat' dir='ltr'><strong>mus</strong></span> <span class='ocrx_word' id='word_1_66' title='bbox 550 1663 677 1740; x_wconf 88' lang='lat' dir='ltr'><strong>Rufus,</strong></span> <span class='ocrx_word' id='word_1_67' title='bbox 695 1671 882 1745; x_wconf 87' lang='lat' dir='ltr'><strong>antequam</strong></span> <span class='ocrx_word' id='word_1_68' title='bbox 897 1671 999 1746; x_wconf 90' lang='lat' dir='ltr'><strong>pater</strong></span> <span class='ocrx_word' id='word_1_69' title='bbox 1015 1665 1238 1746; x_wconf 86' lang='lat' dir='ltr'><strong>exspirasset,</strong></span> <span class='ocrx_word' id='word_1_70' title='bbox 1259 1663 1304 1726; x_wconf 88' lang='lat' dir='ltr'><strong>ad</strong></span> <span class='ocrx_word' id='word_1_71' title='bbox 1325 1661 1399 1726; x_wconf 89' lang='lat' dir='ltr'><strong>An·</strong></span> 
     </span>
     <span class='ocr_line' id='line_1_13' title="bbox 451 1759 1399 1843; baseline 0.003 -21"><span class='ocrx_word' id='word_1_72' title='bbox 451 1759 558 1840; x_wconf 90' lang='lat' dir='ltr'><strong>gliam</strong></span> <span class='ocrx_word' id='word_1_73' title='bbox 581 1761 831 1838; x_wconf 82' lang='lat' dir='ltr'><strong>transfretavit,</strong></span> <span class='ocrx_word' id='word_1_74' title='bbox 853 1762 973 1826; x_wconf 91' lang='lat' dir='ltr'><strong>utilius</strong></span> <span class='ocrx_word' id='word_1_75' title='bbox 994 1762 1060 1824; x_wconf 91' lang='lat' dir='ltr'><strong>sibi</strong></span> <span class='ocrx_word' id='word_1_76' title='bbox 1076 1762 1205 1825; x_wconf 92' lang='lat' dir='ltr'><strong>ducens</strong></span> <span class='ocrx_word' id='word_1_77' title='bbox 1228 1762 1265 1824; x_wconf 93' lang='lat' dir='ltr'><strong>in</strong></span> <span class='ocrx_word' id='word_1_78' title='bbox 1285 1768 1399 1843; x_wconf 87' lang='lat' dir='ltr'><strong>poste·</strong></span> 
     </span>
     <span class='ocr_line' id='line_1_14' title="bbox 451 1860 1398 1942; baseline 0.001 -19"><span class='ocrx_word' id='word_1_79' title='bbox 451 1877 528 1923; x_wconf 88' lang='lat' dir='ltr'><strong>rum</strong></span> <span class='ocrx_word' id='word_1_80' title='bbox 552 1877 655 1940; x_wconf 87' lang='lat' dir='ltr'><strong>quam</strong></span> <span class='ocrx_word' id='word_1_81' title='bbox 679 1860 815 1941; x_wconf 91' lang='lat' dir='ltr'><strong>paterni</strong></span> <span class='ocrx_word' id='word_1_82' title='bbox 840 1861 994 1942; x_wconf 90' lang='lat' dir='ltr'><strong>corporis</strong></span> <span class='ocrx_word' id='word_1_83' title='bbox 1016 1861 1190 1942; x_wconf 89' lang='lat' dir='ltr'><strong>exsequiis</strong></span> <span class='ocrx_word' id='word_1_84' title='bbox 1212 1860 1398 1938; x_wconf 80' lang='lat' dir='ltr'><strong>interessa3</strong></span> 
     </span>
     <span class='ocr_line' id='line_1_15' title="bbox 451 1956 1399 2039; baseline 0 -19"><span class='ocrx_word' id='word_1_85' title='bbox 451 1956 547 2020; x_wconf 91' lang='lat' dir='ltr'><strong>solus</strong></span> <span class='ocrx_word' id='word_1_86' title='bbox 563 1956 737 2020; x_wconf 90' lang='lat' dir='ltr'><strong>Henricus</strong></span> <span class='ocrx_word' id='word_1_87' title='bbox 760 1978 805 2021; x_wconf 85' lang='lat' dir='ltr'><strong>ex</strong></span> <span class='ocrx_word' id='word_1_88' title='bbox 827 1958 944 2022; x_wconf 91' lang='lat' dir='ltr'><strong>liberis</strong></span> <span class='ocrx_word' id='word_1_89' title='bbox 964 1959 1123 2021; x_wconf 89' lang='lat' dir='ltr'><strong>omnibus</strong></span> <span class='ocrx_word' id='word_1_90' title='bbox 1143 1959 1321 2033; x_wconf 87' lang='lat' dir='ltr'><strong>intererat,</strong></span> <span class='ocrx_word' id='word_1_91' title='bbox 1339 1957 1399 2039; x_wconf 92' lang='lat' dir='ltr'><strong>qui</strong></span> 
     </span>
     <span class='ocr_line' id='line_1_16' title="bbox 452 2054 1398 2140; baseline 0 -22"><span class='ocrx_word' id='word_1_92' title='bbox 452 2054 553 2120; x_wconf 89' lang='lat' dir='ltr'><strong>militi</strong></span> <span class='ocrx_word' id='word_1_93' title='bbox 581 2054 729 2132; x_wconf 91' lang='lat' dir='ltr'><strong>cuidam,</strong></span> <span class='ocrx_word' id='word_1_94' title='bbox 751 2056 795 2119; x_wconf 90' lang='lat' dir='ltr'><strong>ad</strong></span> <span class='ocrx_word' id='word_1_95' title='bbox 820 2056 920 2140; x_wconf 89' lang='lat' dir='ltr'><strong>cujus</strong></span> <span class='ocrx_word' id='word_1_96' title='bbox 941 2055 1185 2138; x_wconf 88' lang='lat' dir='ltr'><strong>patrimonium</strong></span> <span class='ocrx_word' id='word_1_97' title='bbox 1207 2055 1304 2118; x_wconf 92' lang='lat' dir='ltr'><strong>locus</strong></span> <span class='ocrx_word' id='word_1_98' title='bbox 1328 2055 1398 2131; x_wconf 89' lang='lat' dir='ltr'><strong>ille,</strong></span> 
     </span>
     <span class='ocr_line' id='line_1_17' title="bbox 451 2152 1399 2236; baseline -0.001 -19"><span class='ocrx_word' id='word_1_99' title='bbox 451 2152 488 2218; x_wconf 92' lang='lat' dir='ltr'><strong>in</strong></span> <span class='ocrx_word' id='word_1_100' title='bbox 510 2172 578 2234; x_wconf 93' lang='lat' dir='ltr'><strong>quo</strong></span> <span class='ocrx_word' id='word_1_101' title='bbox 600 2173 725 2236; x_wconf 88' lang='lat' dir='ltr'><strong>corpus</strong></span> <span class='ocrx_word' id='word_1_102' title='bbox 746 2153 838 2235; x_wconf 87' lang='lat' dir='ltr'><strong>regis</strong></span> <span class='ocrx_word' id='word_1_103' title='bbox 858 2153 1033 2235; x_wconf 89' lang='lat' dir='ltr'><strong>sepultum</strong></span> <span class='ocrx_word' id='word_1_104' title='bbox 1054 2152 1179 2228; x_wconf 82' lang='lat' dir='ltr'><strong>luerat,</strong></span> <span class='ocrx_word' id='word_1_105' title='bbox 1204 2154 1300 2218; x_wconf 87' lang='lat' dir='ltr'><strong>avito</strong></span> <span class='ocrx_word' id='word_1_106' title='bbox 1318 2152 1399 2236; x_wconf 88' lang='lat' dir='ltr'><strong>juro</strong></span> 
     </span>
     <span class='ocr_line' id='line_1_18' title="bbox 451 2251 1399 2332; baseline 0 -18"><span class='ocrx_word' id='word_1_107' title='bbox 451 2253 643 2332; x_wconf 84' lang='lat' dir='ltr'><strong>spectabat,</strong></span> <span class='ocrx_word' id='word_1_108' title='bbox 672 2253 839 2315; x_wconf 91' lang='lat' dir='ltr'><strong>minacem</strong></span> <span class='ocrx_word' id='word_1_109' title='bbox 864 2252 982 2314; x_wconf 91' lang='lat' dir='ltr'><strong>militis</strong></span> <span class='ocrx_word' id='word_1_110' title='bbox 1007 2251 1215 2315; x_wconf 90' lang='lat' dir='ltr'><strong>calumniam</strong></span> <span class='ocrx_word' id='word_1_111' title='bbox 1242 2270 1399 2332; x_wconf 90' lang='lat' dir='ltr'><strong>compes-</strong></span> 
     </span>
     <span class='ocr_line' id='line_1_19' title="bbox 450 2343 1399 2430; baseline 0 -18"><span class='ocrx_word' id='word_1_112' title='bbox 450 2367 532 2412; x_wconf 88' lang='lat' dir='ltr'><strong>cens</strong></span> <span class='ocrx_word' id='word_1_113' title='bbox 557 2357 695 2415; x_wconf 91' lang='lat' dir='ltr'><strong>centum</strong></span> <span class='ocrx_word' id='word_1_114' title='bbox 717 2349 865 2416; x_wconf 90' lang='lat' dir='ltr'><strong>contulit</strong></span> <span class='ocrx_word' id='word_1_115' title='bbox 887 2349 993 2412; x_wconf 92' lang='lat' dir='ltr'><strong>libras</strong></span> <span class='ocrx_word' id='word_1_116' title='bbox 1014 2350 1161 2430; x_wconf 83' lang='lat' dir='ltr'><strong>argenti.</strong></span> <span class='ocrx_word' id='word_1_117' title='bbox 1213 2348 1323 2412; x_wconf 91' lang='lat' dir='ltr'><strong>Porro</strong></span> <span class='ocrx_word' id='word_1_118' title='bbox 1345 2343 1399 2412; x_wconf 79' lang='lat' dir='ltr'><strong>³in</strong></span> 
     </span>
     <span class='ocr_line' id='line_1_20' title="bbox 451 2444 1398 2529; baseline 0.003 -20"><span class='ocrx_word' id='word_1_119' title='bbox 451 2444 583 2527; x_wconf 85' lang='lat' dir='ltr'><strong>Anglia</strong></span> <span class='ocrx_word' id='word_1_120' title='bbox 604 2446 813 2522; x_wconf 86' lang='lat' dir='ltr'><strong>Willelmus,</strong></span> <span class='ocrx_word' id='word_1_121' title='bbox 837 2445 874 2511; x_wconf 94' lang='lat' dir='ltr'><strong>in</strong></span> <span class='ocrx_word' id='word_1_122' title='bbox 904 2448 1050 2529; x_wconf 90' lang='lat' dir='ltr'><strong>pecunia</strong></span> <span class='ocrx_word' id='word_1_123' title='bbox 1074 2446 1307 2529; x_wconf 89' lang='lat' dir='ltr'><strong>dispertienda</strong></span> <span class='ocrx_word' id='word_1_124' title='bbox 1335 2467 1398 2512; x_wconf 83' lang='lat' dir='ltr'><strong>nec</strong></span> 
     </span>
     <span class='ocr_line' id='line_1_21' title="bbox 452 2545 1399 2628; baseline 0.001 -21"><span class='ocrx_word' id='word_1_125' title='bbox 452 2545 569 2625; x_wconf 88' lang='lat' dir='ltr'><strong>segnis</strong></span> <span class='ocrx_word' id='word_1_126' title='bbox 601 2563 712 2626; x_wconf 90' lang='lat' dir='ltr'><strong>neque</strong></span> <span class='ocrx_word' id='word_1_127' title='bbox 739 2563 876 2626; x_wconf 90' lang='lat' dir='ltr'><strong>parcus,</strong></span> <span class='ocrx_word' id='word_1_128' title='bbox 903 2563 1038 2608; x_wconf 91' lang='lat' dir='ltr'><strong>omnem</strong></span> <span class='ocrx_word' id='word_1_129' title='bbox 1065 2545 1264 2608; x_wconf 88' lang='lat' dir='ltr'><strong>thesaurum</strong></span> <span class='ocrx_word' id='word_1_130' title='bbox 1287 2547 1399 2628; x_wconf 87' lang='lat' dir='ltr'><strong>patris</strong></span> 
     </span>
     <span class='ocr_line' id='line_1_22' title="bbox 451 2641 1400 2724; baseline 0.001 -18"><span class='ocrx_word' id='word_1_131' title='bbox 451 2641 642 2706; x_wconf 87' lang='lat' dir='ltr'><strong>Wintoniae</strong></span> <span class='ocrx_word' id='word_1_132' title='bbox 659 2643 914 2707; x_wconf 89' lang='lat' dir='ltr'><strong>accumulatum</strong></span> <span class='ocrx_word' id='word_1_133' title='bbox 937 2644 975 2708; x_wconf 91' lang='lat' dir='ltr'><strong>in</strong></span> <span class='ocrx_word' id='word_1_134' title='bbox 988 2642 1100 2706; x_wconf 90' lang='lat' dir='ltr'><strong>lucem</strong></span> <span class='ocrx_word' id='word_1_135' title='bbox 1122 2642 1312 2724; x_wconf 80' lang='lat' dir='ltr'><strong>proferens,</strong></span> <span class='ocrx_word' id='word_1_136' title='bbox 1326 2663 1400 2707; x_wconf 91' lang='lat' dir='ltr'><strong>mo·</strong></span> 
     </span>
     <span class='ocr_line' id='line_1_23' title="bbox 451 2741 1399 2822; baseline 0 -18"><span class='ocrx_word' id='word_1_137' title='bbox 451 2741 612 2804; x_wconf 89' lang='lat' dir='ltr'><strong>nasteriis</strong></span> <span class='ocrx_word' id='word_1_138' title='bbox 632 2759 766 2818; x_wconf 90' lang='lat' dir='ltr'><strong>aurum,</strong></span> <span class='ocrx_word' id='word_1_139' title='bbox 780 2741 934 2806; x_wconf 88' lang='lat' dir='ltr'><strong>ecclesiis</strong></span> <span class='ocrx_word' id='word_1_140' title='bbox 955 2741 1174 2822; x_wconf 88' lang='lat' dir='ltr'><strong>parochianis</strong></span> <span class='ocrx_word' id='word_1_141' title='bbox 1190 2742 1327 2822; x_wconf 83' lang='lat' dir='ltr'><strong>argenti</strong></span> <span class='ocrx_word' id='word_1_142' title='bbox 1342 2761 1399 2804; x_wconf 90' lang='lat' dir='ltr'><strong>so·</strong></span> 
     </span>
     <span class='ocr_line' id='line_1_24' title="bbox 451 2837 1399 2920; baseline 0.002 -20"><span class='ocrx_word' id='word_1_143' title='bbox 451 2837 541 2902; x_wconf 90' lang='lat' dir='ltr'><strong>lidos</strong></span> <span class='ocrx_word' id='word_1_144' title='bbox 558 2839 723 2920; x_wconf 91' lang='lat' dir='ltr'><strong>quinque,</strong></span> <span class='ocrx_word' id='word_1_145' title='bbox 740 2839 925 2920; x_wconf 87' lang='lat' dir='ltr'><strong>unicuique</strong></span> <span class='ocrx_word' id='word_1_146' title='bbox 939 2839 1126 2920; x_wconf 81' lang='lat' dir='ltr'><strong>prouinciae</strong></span> <span class='ocrx_word' id='word_1_147' title='bbox 1140 2838 1247 2902; x_wconf 86' lang='lat' dir='ltr'><strong>libras</strong></span> <span class='ocrx_word' id='word_1_148' title='bbox 1260 2847 1399 2903; x_wconf 89' lang='lat' dir='ltr'><strong>centum</strong></span> 
     </span>
     <span class='ocr_line' id='line_1_25' title="bbox 452 2935 1401 3018; baseline 0.001 -19"><span class='ocrx_word' id='word_1_149' title='bbox 452 2935 571 3016; x_wconf 87' lang='lat' dir='ltr'><strong>egenis</strong></span> <span class='ocrx_word' id='word_1_150' title='bbox 592 2936 794 3000; x_wconf 89' lang='lat' dir='ltr'><strong>dividendas</strong></span> <span class='ocrx_word' id='word_1_151' title='bbox 815 2937 1080 3002; x_wconf 85' lang='lat' dir='ltr'><strong>misericorditer</strong></span> <span class='ocrx_word' id='word_1_152' title='bbox 1100 2937 1314 3018; x_wconf 83' lang='lat' dir='ltr'><strong>assignavit3</strong></span> <span class='ocrx_word' id='word_1_153' title='bbox 1339 2956 1401 3018; x_wconf 90' lang='lat' dir='ltr'><strong>pa-</strong></span> 
     </span>
     <span class='ocr_line' id='line_1_26' title="bbox 451 3035 1398 3117; baseline 0.003 -21"><span class='ocrx_word' id='word_1_154' title='bbox 451 3035 516 3096; x_wconf 92' lang='lat' dir='ltr'><strong>tris</strong></span> <span class='ocrx_word' id='word_1_155' title='bbox 533 3035 637 3098; x_wconf 87' lang='lat' dir='ltr'><strong>etiam</strong></span> <span class='ocrx_word' id='word_1_156' title='bbox 651 3036 876 3117; x_wconf 88' lang='lat' dir='ltr'><strong>sepulturam,</strong></span> <span class='ocrx_word' id='word_1_157' title='bbox 891 3053 1055 3116; x_wconf 90' lang='lat' dir='ltr'><strong>processu</strong></span> <span class='ocrx_word' id='word_1_158' title='bbox 1074 3035 1251 3116; x_wconf 89' lang='lat' dir='ltr'><strong>temporis,</strong></span> <span class='ocrx_word' id='word_1_159' title='bbox 1266 3036 1398 3116; x_wconf 89' lang='lat' dir='ltr'><strong>ingenti</strong></span> 
     </span>
     <span class='ocr_line' id='line_1_27' title="bbox 452 3132 1399 3215; baseline 0.002 -21"><span class='ocrx_word' id='word_1_160' title='bbox 452 3133 613 3212; x_wconf 84' lang='lat' dir='ltr'><strong>congerie</strong></span> <span class='ocrx_word' id='word_1_161' title='bbox 629 3133 705 3196; x_wconf 93' lang='lat' dir='ltr'><strong>auri</strong></span> <span class='ocrx_word' id='word_1_162' title='bbox 727 3141 762 3197; x_wconf 89' lang='lat' dir='ltr'><strong>et</strong></span> <span class='ocrx_word' id='word_1_163' title='bbox 784 3133 921 3214; x_wconf 85' lang='lat' dir='ltr'><strong>argenti</strong></span> <span class='ocrx_word' id='word_1_164' title='bbox 943 3153 1022 3197; x_wconf 91' lang='lat' dir='ltr'><strong>cum</strong></span> <span class='ocrx_word' id='word_1_165' title='bbox 1045 3132 1226 3215; x_wconf 87' lang='lat' dir='ltr'><strong>splendore</strong></span> <span class='ocrx_word' id='word_1_166' title='bbox 1246 3153 1399 3214; x_wconf 89' lang='lat' dir='ltr'><strong>gemma-</strong></span> 
     </span>
     <span class='ocr_line' id='line_1_28' title="bbox 451 3230 1400 3312; baseline 0.003 -21"><span class='ocrx_word' id='word_1_167' title='bbox 451 3248 528 3291; x_wconf 92' lang='lat' dir='ltr'><strong>rum</strong></span> <span class='ocrx_word' id='word_1_168' title='bbox 553 3231 733 3312; x_wconf 88' lang='lat' dir='ltr'><strong>perspicue</strong></span> <span class='ocrx_word' id='word_1_169' title='bbox 757 3231 960 3309; x_wconf 79' lang='lat' dir='ltr'><strong>adornavit3</strong></span> <span class='ocrx_word' id='word_1_170' title='bbox 984 3238 1020 3294; x_wconf 90' lang='lat' dir='ltr'><strong>et</strong></span> <span class='ocrx_word' id='word_1_171' title='bbox 1039 3230 1094 3294; x_wconf 91' lang='lat' dir='ltr'><strong>his</strong></span> <span class='ocrx_word' id='word_1_172' title='bbox 1111 3230 1162 3294; x_wconf 88' lang='lat' dir='ltr'><strong>ita</strong></span> <span class='ocrx_word' id='word_1_173' title='bbox 1180 3232 1300 3311; x_wconf 84' lang='lat' dir='ltr'><strong>gestis,</strong></span> <span class='ocrx_word' id='word_1_174' title='bbox 1316 3250 1400 3294; x_wconf 85' lang='lat' dir='ltr'><strong>mox</strong></span> 
     </span>
     <span class='ocr_line' id='line_1_29' title="bbox 451 3326 1396 3410; baseline 0.002 -20"><span class='ocrx_word' id='word_1_175' title='bbox 451 3326 660 3403; x_wconf 90' lang='lat' dir='ltr'><strong>Willelmus,</strong></span> <span class='ocrx_word' id='word_1_176' title='bbox 670 3329 864 3392; x_wconf 87' lang='lat' dir='ltr'><strong>volentibus</strong></span> <span class='ocrx_word' id='word_1_177' title='bbox 878 3330 1028 3392; x_wconf 88' lang='lat' dir='ltr'><strong>omnium</strong></span> <span class='ocrx_word' id='word_1_178' title='bbox 1044 3328 1305 3410; x_wconf 86' lang='lat' dir='ltr'><strong>provincialium</strong></span> <span class='ocrx_word' id='word_1_179' title='bbox 1321 3328 1396 3392; x_wconf 89' lang='lat' dir='ltr'><strong>ani·</strong></span> 
     </span>
     <span class='ocr_line' id='line_1_30' title="bbox 450 3424 1400 3508; baseline -0.003 -20"><span class='ocrx_word' id='word_1_180' title='bbox 450 3425 516 3488; x_wconf 91' lang='lat' dir='ltr'><strong>mis</strong></span> <span class='ocrx_word' id='word_1_181' title='bbox 533 3434 707 3507; x_wconf 89' lang='lat' dir='ltr'><strong>acceptus,</strong></span> <span class='ocrx_word' id='word_1_182' title='bbox 725 3433 835 3491; x_wconf 89' lang='lat' dir='ltr'><strong>totam</strong></span> <span class='ocrx_word' id='word_1_183' title='bbox 851 3424 1014 3508; x_wconf 84' lang='lat' dir='ltr'><strong>Angliam</strong></span> <span class='ocrx_word' id='word_1_184' title='bbox 1031 3446 1095 3507; x_wconf 90' lang='lat' dir='ltr'><strong>pro</strong></span> <span class='ocrx_word' id='word_1_185' title='bbox 1111 3445 1175 3490; x_wconf 92' lang='lat' dir='ltr'><strong>suo</strong></span> <span class='ocrx_word' id='word_1_186' title='bbox 1196 3427 1298 3490; x_wconf 93' lang='lat' dir='ltr'><strong>libitu</strong></span> <span class='ocrx_word' id='word_1_187' title='bbox 1315 3428 1400 3489; x_wconf 91' lang='lat' dir='ltr'><strong>suh.</strong></span> 
     </span>
     <span class='ocr_line' id='line_1_31' title="bbox 446 3522 1399 3605; baseline 0 -18"><span class='ocrx_word' id='word_1_188' title='bbox 446 3522 587 3605; x_wconf 87' lang='lat' dir='ltr'><strong>jugavit</strong></span> <span class='ocrx_word' id='word_1_189' title='bbox 604 3531 640 3590; x_wconf 86' lang='lat' dir='ltr'><strong>et</strong></span> <span class='ocrx_word' id='word_1_190' title='bbox 663 3524 779 3590; x_wconf 90' lang='lat' dir='ltr'><strong>claves</strong></span> <span class='ocrx_word' id='word_1_191' title='bbox 805 3525 1045 3590; x_wconf 86' lang='lat' dir='ltr'><strong>thesaurorum</strong></span> <span class='ocrx_word' id='word_1_192' title='bbox 1065 3525 1260 3605; x_wconf 90' lang='lat' dir='ltr'><strong>ubicunqne</strong></span> <span class='ocrx_word' id='word_1_193' title='bbox 1282 3543 1399 3588; x_wconf 90' lang='lat' dir='ltr'><strong>snsce-</strong></span> 
     </span>
     <span class='ocr_line' id='line_1_32' title="bbox 450 3615 1398 3705; baseline 0.001 -21"><span class='ocrx_word' id='word_1_194' title='bbox 450 3623 550 3702; x_wconf 89' lang='lat' dir='ltr'><strong>perit.</strong></span> <span class='ocrx_word' id='word_1_195' title='bbox 587 3615 759 3687; x_wconf 73' lang='lat' dir='ltr'><strong>⁴Accessit</strong></span> <span class='ocrx_word' id='word_1_196' title='bbox 780 3623 885 3686; x_wconf 85' lang='lat' dir='ltr'><strong>etiam</strong></span> <span class='ocrx_word' id='word_1_197' title='bbox 901 3623 1012 3686; x_wconf 82' lang='lat' dir='ltr'><strong>favori</strong></span> <span class='ocrx_word' id='word_1_198' title='bbox 1026 3622 1103 3705; x_wconf 88' lang='lat' dir='ltr'><strong>ejus</strong></span> <span class='ocrx_word' id='word_1_199' title='bbox 1118 3622 1398 3704; x_wconf 89' lang='lat' dir='ltr'><strong>archiepiscopus</strong></span> 
     </span>
     <span class='ocr_line' id='line_1_33' title="bbox 452 3718 1402 3802; baseline 0.001 -21"><span class='ocrx_word' id='word_1_200' title='bbox 452 3718 680 3798; x_wconf 85' lang='lat' dir='ltr'><strong>Lanlrancus,</strong></span> <span class='ocrx_word' id='word_1_201' title='bbox 698 3740 740 3786; x_wconf 86' lang='lat' dir='ltr'><strong>eo</strong></span> <span class='ocrx_word' id='word_1_202' title='bbox 757 3720 851 3802; x_wconf 85' lang='lat' dir='ltr'><strong>quod</strong></span> <span class='ocrx_word' id='word_1_203' title='bbox 868 3720 965 3786; x_wconf 91' lang='lat' dir='ltr'><strong>illum</strong></span> <span class='ocrx_word' id='word_1_204' title='bbox 992 3721 1184 3784; x_wconf 87' lang='lat' dir='ltr'><strong>nutriverat</strong></span> <span class='ocrx_word' id='word_1_205' title='bbox 1206 3727 1242 3783; x_wconf 90' lang='lat' dir='ltr'><strong>et</strong></span> <span class='ocrx_word' id='word_1_206' title='bbox 1258 3721 1402 3784; x_wconf 91' lang='lat' dir='ltr'><strong>militem</strong></span> 
     </span>
    </p>
   </div>
   <div class='ocr_carea' id='block_1_4' title="bbox 450 3975 1404 4320">
    <p class='ocr_par' dir='ltr' id='par_1_4' title="bbox 450 3975 1404 4250">
     <span class='ocr_line' id='line_1_34' title="bbox 487 3975 1404 4050; baseline -0.007 -16"><span class='ocrx_word' id='word_1_207' title='bbox 487 3979 638 4050; x_wconf 82' lang='lat' dir='ltr'><strong>¹Decrsrit.]</strong></span> <span class='ocrx_word' id='word_1_208' title='bbox 650 3983 704 4032; x_wconf 86' lang='lat' dir='ltr'><strong>The</strong></span> <span class='ocrx_word' id='word_1_209' title='bbox 715 3987 824 4032; x_wconf 88' lang='lat' dir='ltr'><strong>account</strong></span> <span class='ocrx_word' id='word_1_210' title='bbox 833 3982 862 4030; x_wconf 81' lang='lat' dir='ltr'><strong>of</strong></span> <span class='ocrx_word' id='word_1_211' title='bbox 869 3982 912 4034; x_wconf 83' lang='lat' dir='ltr'><strong>the</strong></span> <span class='ocrx_word' id='word_1_212' title='bbox 938 3982 1029 4032; x_wconf 86' lang='lat' dir='ltr'><strong>buried</strong></span> <span class='ocrx_word' id='word_1_213' title='bbox 1050 3983 1077 4030; x_wconf 92' lang='lat' dir='ltr'><strong>in</strong></span> <span class='ocrx_word' id='word_1_214' title='bbox 1099 3981 1126 4030; x_wconf 84' lang='lat' dir='ltr'><strong>S.</strong></span> <span class='ocrx_word' id='word_1_215' title='bbox 1150 3975 1282 4042; x_wconf 88' lang='lat' dir='ltr'><strong>Stephen’s</strong></span> <span class='ocrx_word' id='word_1_216' title='bbox 1308 3981 1404 4043; x_wconf 81' lang='lat' dir='ltr'><strong>ahbey,</strong></span> 
     </span>
     <span class='ocr_line' id='line_1_35' title="bbox 451 4049 1368 4114; baseline -0.004 -12"><span class='ocrx_word' id='word_1_217' title='bbox 451 4053 620 4114; x_wconf 74' lang='lat' dir='ltr'><strong>conqueror’s</strong></span> <span class='ocrx_word' id='word_1_218' title='bbox 641 4054 692 4101; x_wconf 87' lang='lat' dir='ltr'><strong>last</strong></span> <span class='ocrx_word' id='word_1_219' title='bbox 712 4055 843 4112; x_wconf 80' lang='lat' dir='ltr'><strong>momenta,</strong></span> <span class='ocrx_word' id='word_1_220' title='bbox 862 4051 912 4100; x_wconf 88' lang='lat' dir='ltr'><strong>and</strong></span> <span class='ocrx_word' id='word_1_221' title='bbox 938 4051 1021 4100; x_wconf 84' lang='lat' dir='ltr'><strong>which</strong></span> <span class='ocrx_word' id='word_1_222' title='bbox 1032 4052 1064 4100; x_wconf 89' lang='lat' dir='ltr'><strong>he</strong></span> <span class='ocrx_word' id='word_1_223' title='bbox 1075 4051 1126 4100; x_wconf 89' lang='lat' dir='ltr'><strong>had</strong></span> <span class='ocrx_word' id='word_1_224' title='bbox 1137 4049 1241 4098; x_wconf 83' lang='lat' dir='ltr'><strong>himself</strong></span> <span class='ocrx_word' id='word_1_225' title='bbox 1248 4049 1368 4098; x_wconf 86' lang='lat' dir='ltr'><strong>founded.</strong></span> 
     </span>
     <span class='ocr_line' id='line_1_36' title="bbox 450 4113 1398 4182; baseline -0.003 -11"><span class='ocrx_word' id='word_1_226' title='bbox 450 4123 491 4171; x_wconf 88' lang='lat' dir='ltr'><strong>his</strong></span> <span class='ocrx_word' id='word_1_227' title='bbox 508 4123 613 4170; x_wconf 85' lang='lat' dir='ltr'><strong>address</strong></span> <span class='ocrx_word' id='word_1_228' title='bbox 628 4126 654 4169; x_wconf 91' lang='lat' dir='ltr'><strong>to</strong></span> <span class='ocrx_word' id='word_1_229' title='bbox 670 4121 710 4170; x_wconf 87' lang='lat' dir='ltr'><strong>his</strong></span> <span class='ocrx_word' id='word_1_230' title='bbox 727 4135 794 4181; x_wconf 88' lang='lat' dir='ltr'><strong>sons,</strong></span> <span class='ocrx_word' id='word_1_231' title='bbox 810 4122 912 4181; x_wconf 86' lang='lat' dir='ltr'><strong>maybe</strong></span> <span class='ocrx_word' id='word_1_232' title='bbox 971 4117 1024 4168; x_wconf 68' lang='lat' dir='ltr'><strong>alu</strong></span> <span class='ocrx_word' id='word_1_233' title='bbox 1040 4119 1168 4182; x_wconf 75' lang='lat' dir='ltr'><strong>Augila]</strong></span> <span class='ocrx_word' id='word_1_234' title='bbox 1185 4119 1237 4166; x_wconf 86' lang='lat' dir='ltr'><strong>‘In</strong></span> <span class='ocrx_word' id='word_1_235' title='bbox 1261 4113 1398 4179; x_wconf 74' lang='lat' dir='ltr'><strong>Anguem’</strong></span> 
     </span>
     <span class='ocr_line' id='line_1_37' title="bbox 451 4189 969 4250; baseline -0.006 -10"><span class='ocrx_word' id='word_1_236' title='bbox 451 4190 528 4240; x_wconf 80' lang='lat' dir='ltr'><strong>found</strong></span> <span class='ocrx_word' id='word_1_237' title='bbox 537 4189 845 4250; x_wconf 84' lang='lat' dir='ltr'><strong>inOrdericusVitalis,p.</strong></span> <span class='ocrx_word' id='word_1_238' title='bbox 854 4193 911 4237; x_wconf 72' lang='grc'>656.</span> <span class='ocrx_word' id='word_1_239' title='bbox 939 4189 969 4238; x_wconf 81' lang='lat' dir='ltr'><strong>G.</strong></span> 
     </span>
    </p>

    <p class='ocr_par' dir='ltr' id='par_1_5' title="bbox 485 4251 1380 4320">
     <span class='ocr_line' id='line_1_38' title="bbox 485 4251 1380 4320; baseline 0 -16"><span class='ocrx_word' id='word_1_240' title='bbox 485 4255 496 4286; x_wconf 82' lang='lat'>²</span> <span class='ocrx_word' id='word_1_241' title='bbox 508 4258 625 4305; x_wconf 68' lang='lat' dir='ltr'><strong>Traduce</strong></span> <span class='ocrx_word' id='word_1_242' title='bbox 633 4258 785 4320; x_wconf 68' lang='lat' dir='ltr'><strong>sepultam]</strong></span> <span class='ocrx_word' id='word_1_243' title='bbox 802 4257 845 4306; x_wconf 88' lang='lat' dir='ltr'><strong>He</strong></span> <span class='ocrx_word' id='word_1_244' title='bbox 857 4271 912 4306; x_wconf 82' lang='lat' dir='ltr'><strong>was</strong></span> <span class='ocrx_word' id='word_1_245' title='bbox 969 4253 980 4285; x_wconf 85' lang='lat'><em>⁴</em></span> <span class='ocrx_word' id='word_1_246' title='bbox 991 4254 1123 4319; x_wconf 56' lang='lat' dir='ltr'><strong>Accua]</strong></span> <span class='ocrx_word' id='word_1_247' title='bbox 1134 4251 1336 4317; x_wconf 69' lang='lat' dir='ltr'><strong>‘Aeeemitquq’</strong></span> <span class='ocrx_word' id='word_1_248' title='bbox 1350 4257 1380 4304; x_wconf 81' lang='lat' dir='ltr'><strong>C.</strong></span> 
     </span>
    </p>
   </div>
   <div class='ocr_carea' id='block_1_5' title="bbox 0 0 1602 5202">
    <p class='ocr_par' dir='ltr' id='par_1_6' title="bbox 0 0 1602 5202">
     <span class='ocr_line' id='line_1_39' title="bbox 0 0 1602 5202; baseline 0 0"><span class='ocrx_word' id='word_1_249' title='bbox 0 0 1602 5202; x_wconf 95' lang='lat' dir='ltr'><strong> </strong></span> 
     </span>
    </p>
   </div>
  </div>
 </body>
</html>
