3144 5180
465 520 531 584 274
724 534 859 583 nonnul
884 535 930 582 nn
954 534 1163 582 wnunovnn

307 712 363 753 sn
374 709 430 752 ¹1⁶4·
469 692 651 758 obsidione·
669 691 827 768 vallavit,
850 697 885 755 et
905 691 1071 756 diuturna
1094 691 1214 754 urbem
1238 689 1429 755 afflictione

471 793 668 875 opprimens
690 791 753 857 tali
771 810 848 854 eam
869 788 1068 854 conditione
1091 790 1254 866 obtinuit,
1277 797 1317 853 ut
1333 790 1429 853 Tur-

472 893 517 968 ci,
541 891 601 973 qui
627 891 662 953 in
689 891 767 972 ipsa
796 897 909 967 erant,
934 909 1012 954 cum
1039 889 1221 966 uxoribus,
1247 890 1364 952 liberis
1390 896 1430 953 et

473 990 545 1054 suis
572 990 730 1054 omnibus
757 988 902 1053 liberum
926 987 1006 1052 inde
1034 988 1202 1053 haberent
1230 1007 1427 1065 recessum

474 1090 616 1154 civitate
628 1089 735 1170 igitur
750 1088 824 1168 regi
846 1089 1037 1169 resignata,
1050 1086 1223 1152 concessit
1236 1105 1313 1150 cam
1324 1086 1428 1149 fratri

474 1207 538 1254 sno
553 1187 577 1251 J
579 1188 724 1271 oppensi
739 1186 857 1252 comiti
873 1187 916 1249 de
930 1206 969 1252 se
985 1185 1181 1252 tenendam.

668 1359 720 1424 De
735 1357 802 1425 citu
815 1357 915 1422 suncti
937 1355 1069 1439 Wlfrici
1083 1355 1241 1420 berenice.

526 1482 657 1546 Eodem
685 1501 775 1546 anno
802 1488 943 1544 sanctus
966 1479 1170 1544 anachorita
1193 1486 1229 1543 et
1248 1479 1428 1543 solitarius

477 1581 643 1646 Wlfricus
663 1579 706 1644 de
722 1574 959 1661 ¹Heselbe‘rga
972 1579 1136 1660 migravit
1157 1578 1202 1642 ad
1224 1577 1430 1655 Dominum,

476 1687 661 1762 postquam
683 1678 808 1759 viginti
830 1687 866 1744 et
887 1697 1011 1743 novem
1033 1678 1134 1744 annis
1161 1684 1283 1742 eontra
1307 1677 1428 1741 hostes

476 1779 618 1846 humani
643 1775 781 1860 generis
800 1777 990 1858 confligens
1005 1776 1096 1840 felici
1113 1783 1223 1841 marte
1245 1777 1429 1841 victoriam

476 1877 689 1960 reportavit3
719 1877 763 1940 de
788 1876 888 1959 cujus
910 1875 985 1940 vita
1009 1882 1045 1939 et
1071 1876 1269 1952 virtutibus,
1285 1875 1330 1938 ad
1356 1875 1431 1938 his·

477 1977 576 2044 toriae
590 1975 761 2052 decorem,
775 1975 832 2042 vel
854 1993 998 2057 parvam
1020 1974 1106 2039 utile
1128 1973 1290 2040 duximus
1313 1974 1431 2040 faeere

478 2075 697 2142 mentionem.
735 2074 867 2140 Beatus
896 2073 950 2138 vir
977 2072 1158 2149 Wlfricus,
1189 2092 1234 2137 ex
1263 2073 1432 2138 mediocri

477 2173 672 2256 Anglorum
700 2180 803 2254 gente
831 2172 1009 2248 oriundus,
1038 2172 1075 2234 in
1103 2172 1274 2249 Contona,
1298 2172 1383 2236 villa
1405 2191 1431 2236 a

478 2273 646 2340 Bristollo
667 2279 748 2338 octo
770 2271 974 2334 milliaribus
995 2270 1159 2348 distante,
1180 2278 1295 2349 natus,
1316 2272 1430 2335 nutri·

479 2381 536 2437 tus
553 2380 607 2438 est
628 2381 664 2438 et
686 2378 930 2450 conversatus3
957 2370 1004 2434 ibi
1022 2371 1128 2434 etiam
1147 2390 1209 2452 per
1230 2389 1342 2434 annos
1363 2371 1431 2435 ali·

479 2479 566 2554 quot
589 2470 778 2536 sacerdotis
802 2467 950 2534 officium
967 2470 1134 2546 exercuit,
1153 2469 1244 2551 quod
1262 2471 1300 2533 in
1322 2477 1429 2534 aetate

475 2568 621 2652 juvenili
647 2569 790 2633 levitate
807 2569 922 2651 potius
936 2568 1060 2632 mentis
1078 2587 1183 2651 quam
1206 2569 1350 2634 rationis
1365 2569 1427 2634 de-

479 2668 606 2731 siderio
634 2666 785 2732 creditur
813 2668 997 2749 accepisse,
1021 2667 1148 2749 quippe
1170 2668 1321 2731 nondum
1344 2686 1429 2749 cog-

479 2766 644 2832 noscebat
679 2766 880 2844 Dominum,
909 2766 1002 2830 unde
1029 2785 1133 2830 carne
1169 2767 1281 2847 magis
1322 2785 1429 2850 quam

479 2865 604 2946 spiritu
632 2864 843 2944 ducebatur;
877 2883 958 2928 nam
979 2884 1102 2928 canum
1124 2864 1227 2928 simul
1250 2873 1286 2928 et
1310 2866 1430 2930 avium

480 2965 573 3030 curis
595 2963 764 3030 sollicitus
788 2963 1001 3041 incumbens,
1030 2962 1112 3029 dum
1137 2963 1194 3028 die
1217 2964 1365 3045 quodam
1391 2965 1430 3028 in

480 3061 584 3145 hujus
617 3063 752 3143 generis
785 3063 951 3128 exercitio
983 3082 1052 3128 non
1082 3063 1236 3144 segniter
1267 3063 1428 3140 instaret,

481 3159 592 3225 adluit
610 3162 662 3225 vir
676 3161 792 3226 subito
806 3162 941 3226 vultum
957 3162 1119 3243 pauperis
1139 3180 1262 3244 gerens
1277 3169 1313 3225 et
1329 3162 1429 3226 habi-

481 3267 568 3337 tum,
585 3261 646 3343 qui
663 3280 840 3324 nummum
855 3279 983 3326 novum
1000 3262 1044 3324 ab
1066 3277 1107 3325 eo
1129 3260 1279 3343 supplex
1301 3261 1338 3324 in
1361 3261 1431 3324 ele-

481 3375 681 3443 emosynam
696 3359 910 3442 postulavit;
932 3358 1082 3424 habebat
1096 3366 1212 3423 autem
1234 3366 1319 3424 tunc
1342 3366 1430 3422 tem-

481 3456 720 3540 porisAnglia
737 3476 862 3521 novam
886 3465 1060 3522 monetam
1082 3458 1119 3520 in
1144 3457 1263 3524 diebus
1282 3456 1430 3522 Henrici

481 3557 574 3637 regis
598 3556 712 3639 primi,
734 3557 795 3621 sod
817 3555 931 3620 adhue
953 3575 1080 3634 raram,
1113 3575 1186 3638 pree
1210 3557 1430 3620 numismatis

481 3655 649 3720 novitate.
689 3654 755 3719 Cui
767 3674 847 3719 cum
863 3654 1029 3720 wlfricus
1046 3674 1084 3718 se
1099 3655 1232 3719 nescire
1245 3655 1387 3732 diceret,
1398 3657 1430 3720 si

480 3770 609 3817 novum
623 3770 800 3816 nummum
814 3752 968 3830 haberet,
979 3753 1170 3836 ‘Respice'
1184 3753 1246 3831 ait,
1257 3753 1431 3818 ‘loculum

479 3857 592 3928 tuum,
611 3858 648 3916 et
662 3852 817 3917 invenies
835 3853 872 3915 in
892 3871 933 3916 eo
955 3850 1221 3931 duosnummos
1239 3861 1275 3915 et
1294 3854 1433 3932 semis3'

480 3967 549 4030 quo
577 3949 636 4012 ille
658 3969 824 4032 responso
844 3951 1093 4034 obstupescens
1118 3951 1282 4032 inspexit,
1308 3956 1356 4028 et,
1379 3953 1432 4015 ita

480 4055 519 4110 ut
545 4048 675 4114 dietum
698 4049 765 4113 sibi
789 4049 903 4113 fuerat
928 4051 1115 4131 reperiens,
1138 4049 1230 4132 quod
1248 4051 1433 4131 petebatur

513 4226 701 4293 ¹Heselbergu,]
722 4232 833 4292 perhaps
846 4232 938 4280 Hasel·
966 4232 1021 4280 that
1032 4234 1053 4280 it
1063 4247 1118 4282 was
1129 4234 1173 4281 ‘in
1190 4233 1321 4294 provincia
1338 4232 1436 4282 Dorse-

414 4299 417 4306 '
477 4299 736 4361 bury‚inwi1tshire;
755 4301 868 4352 cernue
880 4315 940 4362 says
967 4302 1052 4352 tensi.'
