<?xml version="1.0" encoding="UTF-8"?>
<!DOCTYPE html PUBLIC "-//W3C//DTD XHTML 1.0 Transitional//EN"
    "http://www.w3.org/TR/xhtml1/DTD/xhtml1-transitional.dtd">
<html xmlns="http://www.w3.org/1999/xhtml" xml:lang="en" lang="en">
 <head>
  <title>
</title>
<meta http-equiv="Content-Type" content="text/html;charset=utf-8" />
  <meta name='ocr-system' content='tesseract 3.04.00' />
  <meta name='ocr-capabilities' content='ocr_page ocr_carea ocr_par ocr_line ocrx_word'/>
</head>
<body>
  <div class='ocr_page' id='page_1' title='image "./rogeridewendove07rogegoog_0185.png"; bbox 0 0 3138 5184; ppageno 0'>
   <div class='ocr_carea' id='block_1_1' title="bbox 473 539 1165 604">
    <p class='ocr_par' dir='ltr' id='par_1_1' title="bbox 473 539 1165 604">
     <span class='ocr_line' id='line_1_1' title="bbox 473 539 1165 604; baseline -0.003 -2"><span class='ocrx_word' id='word_1_1' title='bbox 473 539 538 604; x_wconf 86' lang='grc'><strong>178</strong></span> <span class='ocrx_word' id='word_1_2' title='bbox 728 553 862 600; x_wconf 86' lang='lat' dir='ltr'><strong>nocnar</strong></span> <span class='ocrx_word' id='word_1_3' title='bbox 888 554 934 600; x_wconf 83' lang='lat' dir='ltr'><strong>ns</strong></span> <span class='ocrx_word' id='word_1_4' title='bbox 958 553 1165 601; x_wconf 76' lang='lat' dir='ltr'><strong>wanoovan</strong></span> 
     </span>
    </p>
   </div>
   <div class='ocr_carea' id='block_1_2' title="bbox 314 706 1439 2947">
    <p class='ocr_par' dir='ltr' id='par_1_2' title="bbox 314 706 1439 2947">
     <span class='ocr_line' id='line_1_2' title="bbox 314 706 1433 790; baseline -0.001 -20"><span class='ocrx_word' id='word_1_5' title='bbox 314 727 436 770; x_wconf 61' lang='lat' dir='ltr'><strong>annno</strong></span> <span class='ocrx_word' id='word_1_6' title='bbox 474 712 551 775; x_wconf 86' lang='lat' dir='ltr'><strong>bem</strong></span> <span class='ocrx_word' id='word_1_7' title='bbox 567 708 862 785; x_wconf 83' lang='lat' dir='ltr'><strong>Tiberiadensem,</strong></span> <span class='ocrx_word' id='word_1_8' title='bbox 883 707 974 790; x_wconf 88' lang='lat' dir='ltr'><strong>apud</strong></span> <span class='ocrx_word' id='word_1_9' title='bbox 996 706 1110 772; x_wconf 86' lang='lat' dir='ltr'><strong>Assur</strong></span> <span class='ocrx_word' id='word_1_10' title='bbox 1136 708 1181 771; x_wconf 89' lang='lat' dir='ltr'><strong>ad</strong></span> <span class='ocrx_word' id='word_1_11' title='bbox 1203 727 1318 788; x_wconf 87' lang='lat' dir='ltr'><strong>regem</strong></span> <span class='ocrx_word' id='word_1_12' title='bbox 1346 727 1433 770; x_wconf 91' lang='lat' dir='ltr'><strong>curn</strong></span> 
     </span>
     <span class='ocr_line' id='line_1_3' title="bbox 475 806 1434 893; baseline -0.006 -19"><span class='ocrx_word' id='word_1_13' title='bbox 475 809 649 893; x_wconf 89' lang='lat' dir='ltr'><strong>equitibus</strong></span> <span class='ocrx_word' id='word_1_14' title='bbox 673 809 872 889; x_wconf 81' lang='lat' dir='ltr'><strong>octoginta3</strong></span> <span class='ocrx_word' id='word_1_15' title='bbox 904 826 1051 888; x_wconf 91' lang='lat' dir='ltr'><strong>quorum</strong></span> <span class='ocrx_word' id='word_1_16' title='bbox 1073 827 1136 870; x_wconf 82' lang='lat' dir='ltr'><strong>rex</strong></span> <span class='ocrx_word' id='word_1_17' title='bbox 1153 807 1262 870; x_wconf 86' lang='lat' dir='ltr'><strong>fretus</strong></span> <span class='ocrx_word' id='word_1_18' title='bbox 1281 806 1434 881; x_wconf 84' lang='lat' dir='ltr'><strong>auxilio,</strong></span> 
     </span>
     <span class='ocr_line' id='line_1_4' title="bbox 475 905 1434 990; baseline -0.006 -17"><span class='ocrx_word' id='word_1_19' title='bbox 475 907 663 990; x_wconf 78' lang='lat' dir='ltr'><strong>assumptis</strong></span> <span class='ocrx_word' id='word_1_20' title='bbox 695 926 813 970; x_wconf 89' lang='lat' dir='ltr'><strong>secum</strong></span> <span class='ocrx_word' id='word_1_21' title='bbox 841 905 995 988; x_wconf 85' lang='lat' dir='ltr'><strong>Joppitis</strong></span> <span class='ocrx_word' id='word_1_22' title='bbox 1027 924 1104 969; x_wconf 90' lang='lat' dir='ltr'><strong>cum</strong></span> <span class='ocrx_word' id='word_1_23' title='bbox 1137 905 1311 988; x_wconf 86' lang='lat' dir='ltr'><strong>equitibus</strong></span> <span class='ocrx_word' id='word_1_24' title='bbox 1340 925 1434 968; x_wconf 88' lang='lat' dir='ltr'><strong>non-</strong></span> 
     </span>
     <span class='ocr_line' id='line_1_5' title="bbox 476 1004 1435 1090; baseline -0.007 -18"><span class='ocrx_word' id='word_1_25' title='bbox 476 1009 609 1090; x_wconf 82' lang='lat' dir='ltr'><strong>aginta,</strong></span> <span class='ocrx_word' id='word_1_26' title='bbox 625 1007 660 1068; x_wconf 92' lang='lat' dir='ltr'><strong>in</strong></span> <span class='ocrx_word' id='word_1_27' title='bbox 675 1025 772 1088; x_wconf 91' lang='lat' dir='ltr'><strong>spem</strong></span> <span class='ocrx_word' id='word_1_28' title='bbox 789 1007 915 1069; x_wconf 91' lang='lat' dir='ltr'><strong>bonam</strong></span> <span class='ocrx_word' id='word_1_29' title='bbox 932 1012 1067 1069; x_wconf 88' lang='lat' dir='ltr'><strong>erectus</strong></span> <span class='ocrx_word' id='word_1_30' title='bbox 1091 1004 1244 1069; x_wconf 87' lang='lat' dir='ltr'><strong>decrevit</strong></span> <span class='ocrx_word' id='word_1_31' title='bbox 1269 1004 1435 1066; x_wconf 88' lang='lat' dir='ltr'><strong>hostibus</strong></span> 
     </span>
     <span class='ocr_line' id='line_1_6' title="bbox 476 1103 1433 1188; baseline -0.004 -18"><span class='ocrx_word' id='word_1_32' title='bbox 476 1124 655 1170; x_wconf 90' lang='lat' dir='ltr'><strong>occurrere</strong></span> <span class='ocrx_word' id='word_1_33' title='bbox 678 1113 715 1168; x_wconf 91' lang='lat' dir='ltr'><strong>et</strong></span> <span class='ocrx_word' id='word_1_34' title='bbox 740 1105 885 1188; x_wconf 86' lang='lat' dir='ltr'><strong>injurias</strong></span> <span class='ocrx_word' id='word_1_35' title='bbox 911 1103 961 1166; x_wconf 93' lang='lat' dir='ltr'><strong>eis</strong></span> <span class='ocrx_word' id='word_1_36' title='bbox 991 1104 1172 1168; x_wconf 84' lang='lat' dir='ltr'><strong>refundere</strong></span> <span class='ocrx_word' id='word_1_37' title='bbox 1198 1123 1276 1167; x_wconf 91' lang='lat' dir='ltr'><strong>cum</strong></span> <span class='ocrx_word' id='word_1_38' title='bbox 1298 1104 1433 1167; x_wconf 69' lang='lat' dir='ltr'><strong>usuris</strong></span> 
     </span>
     <span class='ocr_line' id='line_1_7' title="bbox 478 1202 1435 1285; baseline -0.002 -17"><span class='ocrx_word' id='word_1_39' title='bbox 478 1206 590 1268; x_wconf 81' lang='lat' dir='ltr'>Erant</span> <span class='ocrx_word' id='word_1_40' title='bbox 618 1211 733 1268; x_wconf 88' lang='lat' dir='ltr'><strong>autem</strong></span> <span class='ocrx_word' id='word_1_41' title='bbox 760 1222 868 1285; x_wconf 88' lang='lat' dir='ltr'><strong>prope</strong></span> <span class='ocrx_word' id='word_1_42' title='bbox 893 1203 993 1284; x_wconf 85' lang='lat' dir='ltr'><strong>qnasi</strong></span> <span class='ocrx_word' id='word_1_43' title='bbox 1020 1202 1064 1265; x_wconf 87' lang='lat' dir='ltr'><strong>ad</strong></span> <span class='ocrx_word' id='word_1_44' title='bbox 1090 1203 1158 1266; x_wconf 91' lang='lat' dir='ltr'><strong>tria</strong></span> <span class='ocrx_word' id='word_1_45' title='bbox 1185 1203 1358 1278; x_wconf 85' lang='lat' dir='ltr'><strong>milliaria,</strong></span> <span class='ocrx_word' id='word_1_46' title='bbox 1394 1210 1435 1266; x_wconf 93' lang='lat' dir='ltr'><strong>et</strong></span> 
     </span>
     <span class='ocr_line' id='line_1_8' title="bbox 478 1301 1436 1384; baseline -0.004 -16"><span class='ocrx_word' id='word_1_47' title='bbox 478 1323 560 1368; x_wconf 87' lang='lat' dir='ltr'><strong>ecce</strong></span> <span class='ocrx_word' id='word_1_48' title='bbox 577 1323 641 1367; x_wconf 88' lang='lat' dir='ltr'><strong>rex</strong></span> <span class='ocrx_word' id='word_1_49' title='bbox 662 1321 739 1366; x_wconf 91' lang='lat' dir='ltr'><strong>cum</strong></span> <span class='ocrx_word' id='word_1_50' title='bbox 765 1303 850 1378; x_wconf 91' lang='lat' dir='ltr'><strong>suis,</strong></span> <span class='ocrx_word' id='word_1_51' title='bbox 868 1301 984 1364; x_wconf 86' lang='lat' dir='ltr'><strong>infusa</strong></span> <span class='ocrx_word' id='word_1_52' title='bbox 1004 1302 1047 1365; x_wconf 91' lang='lat' dir='ltr'><strong>de</strong></span> <span class='ocrx_word' id='word_1_53' title='bbox 1068 1303 1227 1384; x_wconf 89' lang='lat' dir='ltr'><strong>supernis</strong></span> <span class='ocrx_word' id='word_1_54' title='bbox 1245 1302 1374 1366; x_wconf 83' lang='lat' dir='ltr'><strong>virtute</strong></span> <span class='ocrx_word' id='word_1_55' title='bbox 1393 1309 1436 1364; x_wconf 92' lang='lat' dir='ltr'><strong>et</strong></span> 
     </span>
     <span class='ocr_line' id='line_1_9' title="bbox 479 1400 1435 1483; baseline -0.003 -18"><span class='ocrx_word' id='word_1_56' title='bbox 479 1403 598 1466; x_wconf 91' lang='lat' dir='ltr'><strong>divina</strong></span> <span class='ocrx_word' id='word_1_57' title='bbox 624 1402 741 1482; x_wconf 84' lang='lat' dir='ltr'><strong>gratia</strong></span> <span class='ocrx_word' id='word_1_58' title='bbox 763 1407 951 1483; x_wconf 81' lang='lat' dir='ltr'><strong>praeeunte,</strong></span> <span class='ocrx_word' id='word_1_59' title='bbox 982 1402 1019 1464; x_wconf 90' lang='lat' dir='ltr'><strong>in</strong></span> <span class='ocrx_word' id='word_1_60' title='bbox 1050 1400 1168 1465; x_wconf 89' lang='lat' dir='ltr'><strong>hostes</strong></span> <span class='ocrx_word' id='word_1_61' title='bbox 1195 1408 1354 1483; x_wconf 91' lang='lat' dir='ltr'><strong>potenter</strong></span> <span class='ocrx_word' id='word_1_62' title='bbox 1379 1401 1435 1463; x_wconf 90' lang='lat' dir='ltr'><strong>ir-</strong></span> 
     </span>
     <span class='ocr_line' id='line_1_10' title="bbox 479 1499 1437 1580; baseline -0.002 -16"><span class='ocrx_word' id='word_1_63' title='bbox 479 1519 583 1564; x_wconf 82' lang='lat' dir='ltr'>ruens</span> <span class='ocrx_word' id='word_1_64' title='bbox 605 1519 723 1564; x_wconf 89' lang='lat' dir='ltr'><strong>eorum</strong></span> <span class='ocrx_word' id='word_1_65' title='bbox 743 1500 885 1580; x_wconf 81' lang='lat' dir='ltr'><strong>agmina</strong></span> <span class='ocrx_word' id='word_1_66' title='bbox 908 1499 1079 1576; x_wconf 84' lang='lat' dir='ltr'><strong>dissolvit,</strong></span> <span class='ocrx_word' id='word_1_67' title='bbox 1102 1507 1149 1577; x_wconf 91' lang='lat' dir='ltr'><strong>et,</strong></span> <span class='ocrx_word' id='word_1_68' title='bbox 1172 1499 1363 1564; x_wconf 88' lang='lat' dir='ltr'><strong>intersectis</strong></span> <span class='ocrx_word' id='word_1_69' title='bbox 1382 1519 1437 1562; x_wconf 84' lang='lat' dir='ltr'><strong>ex</strong></span> 
     </span>
     <span class='ocr_line' id='line_1_11' title="bbox 479 1598 1434 1681; baseline 0 -19"><span class='ocrx_word' id='word_1_70' title='bbox 479 1601 529 1662; x_wconf 92' lang='lat' dir='ltr'><strong>eis</strong></span> <span class='ocrx_word' id='word_1_71' title='bbox 554 1618 625 1662; x_wconf 93' lang='lat' dir='ltr'><strong>non</strong></span> <span class='ocrx_word' id='word_1_72' title='bbox 651 1598 783 1680; x_wconf 85' lang='lat' dir='ltr'><strong>paucis,</strong></span> <span class='ocrx_word' id='word_1_73' title='bbox 806 1606 952 1662; x_wconf 77' lang='lat' dir='ltr'><strong>caeteros</strong></span> <span class='ocrx_word' id='word_1_74' title='bbox 978 1599 1145 1681; x_wconf 79' lang='lat' dir='ltr'><strong>compulit</strong></span> <span class='ocrx_word' id='word_1_75' title='bbox 1172 1598 1290 1680; x_wconf 83' lang='lat' dir='ltr'><strong>sugam</strong></span> <span class='ocrx_word' id='word_1_76' title='bbox 1319 1599 1434 1677; x_wconf 81' lang='lat' dir='ltr'><strong>inire3</strong></span> 
     </span>
     <span class='ocr_line' id='line_1_12' title="bbox 480 1697 1439 1780; baseline -0.001 -19"><span class='ocrx_word' id='word_1_77' title='bbox 480 1697 602 1761; x_wconf 90' lang='lat' dir='ltr'><strong>deinde</strong></span> <span class='ocrx_word' id='word_1_78' title='bbox 624 1697 659 1760; x_wconf 93' lang='lat' dir='ltr'><strong>in</strong></span> <span class='ocrx_word' id='word_1_79' title='bbox 687 1705 802 1762; x_wconf 87' lang='lat' dir='ltr'><strong>castra</strong></span> <span class='ocrx_word' id='word_1_80' title='bbox 826 1697 977 1762; x_wconf 90' lang='lat' dir='ltr'><strong>hostium</strong></span> <span class='ocrx_word' id='word_1_81' title='bbox 1005 1699 1135 1761; x_wconf 89' lang='lat' dir='ltr'><strong>reversi</strong></span> <span class='ocrx_word' id='word_1_82' title='bbox 1160 1697 1290 1774; x_wconf 90' lang='lat' dir='ltr'><strong>fideles,</strong></span> <span class='ocrx_word' id='word_1_83' title='bbox 1316 1697 1439 1780; x_wconf 87' lang='lat' dir='ltr'><strong>spolia</strong></span> 
     </span>
     <span class='ocr_line' id='line_1_13' title="bbox 480 1796 1438 1880; baseline -0.001 -19"><span class='ocrx_word' id='word_1_84' title='bbox 480 1816 558 1861; x_wconf 90' lang='lat' dir='ltr'><strong>cum</strong></span> <span class='ocrx_word' id='word_1_85' title='bbox 593 1796 713 1873; x_wconf 87' lang='lat' dir='ltr'><strong>asinis,</strong></span> <span class='ocrx_word' id='word_1_86' title='bbox 748 1797 901 1872; x_wconf 87' lang='lat' dir='ltr'><strong>camelis,</strong></span> <span class='ocrx_word' id='word_1_87' title='bbox 935 1796 1166 1880; x_wconf 83' lang='lat' dir='ltr'><strong>papilionibus</strong></span> <span class='ocrx_word' id='word_1_88' title='bbox 1194 1803 1230 1861; x_wconf 91' lang='lat' dir='ltr'><strong>et</strong></span> <span class='ocrx_word' id='word_1_89' title='bbox 1260 1798 1438 1874; x_wconf 58' lang='lat' dir='ltr'><strong>tentoriis</strong></span> 
     </span>
     <span class='ocr_line' id='line_1_14' title="bbox 481 1895 1438 1979; baseline 0 -20"><span class='ocrx_word' id='word_1_90' title='bbox 481 1896 791 1977; x_wconf 80' lang='lat' dir='ltr'><strong>alimentorumque</strong></span> <span class='ocrx_word' id='word_1_91' title='bbox 829 1896 938 1978; x_wconf 91' lang='lat' dir='ltr'><strong>copiis</strong></span> <span class='ocrx_word' id='word_1_92' title='bbox 974 1895 1188 1977; x_wconf 81' lang='lat' dir='ltr'><strong>colligentes,</strong></span> <span class='ocrx_word' id='word_1_93' title='bbox 1228 1897 1329 1979; x_wconf 87' lang='lat' dir='ltr'><strong>quasi</strong></span> <span class='ocrx_word' id='word_1_94' title='bbox 1367 1916 1438 1978; x_wconf 90' lang='lat' dir='ltr'><strong>per</strong></span> 
     </span>
     <span class='ocr_line' id='line_1_15' title="bbox 482 1995 1438 2079; baseline 0.002 -21"><span class='ocrx_word' id='word_1_95' title='bbox 482 2014 617 2058; x_wconf 87' lang='lat' dir='ltr'><strong>menses</strong></span> <span class='ocrx_word' id='word_1_96' title='bbox 640 2002 774 2078; x_wconf 89' lang='lat' dir='ltr'><strong>septem</strong></span> <span class='ocrx_word' id='word_1_97' title='bbox 791 1995 946 2059; x_wconf 82' lang='lat' dir='ltr'><strong>imbelles</strong></span> <span class='ocrx_word' id='word_1_98' title='bbox 961 2001 1084 2079; x_wconf 89' lang='lat' dir='ltr'><strong>postea</strong></span> <span class='ocrx_word' id='word_1_99' title='bbox 1101 1997 1317 2078; x_wconf 85' lang='lat' dir='ltr'><strong>quieverunt.</strong></span> <span class='ocrx_word' id='word_1_100' title='bbox 1361 1995 1438 2060; x_wconf 91' lang='lat' dir='ltr'><strong>Eo·</strong></span> 
     </span>
     <span class='ocr_line' id='line_1_16' title="bbox 481 2093 1434 2178; baseline -0.001 -20"><span class='ocrx_word' id='word_1_101' title='bbox 481 2095 559 2158; x_wconf 89' lang='lat' dir='ltr'><strong>dem</strong></span> <span class='ocrx_word' id='word_1_102' title='bbox 589 2102 745 2178; x_wconf 91' lang='lat' dir='ltr'><strong>tempore</strong></span> <span class='ocrx_word' id='word_1_103' title='bbox 777 2095 937 2158; x_wconf 89' lang='lat' dir='ltr'><strong>dominns</strong></span> <span class='ocrx_word' id='word_1_104' title='bbox 973 2093 1174 2158; x_wconf 83' lang='lat' dir='ltr'><strong>Tancredus</strong></span> <span class='ocrx_word' id='word_1_105' title='bbox 1206 2093 1434 2176; x_wconf 85' lang='lat' dir='ltr'><strong>Appamiam,</strong></span> 
     </span>
     <span class='ocr_line' id='line_1_17' title="bbox 482 2192 1437 2276; baseline 0 -18"><span class='ocrx_word' id='word_1_106' title='bbox 482 2193 700 2276; x_wconf 85' lang='lat' dir='ltr'><strong>Coele-syriae</strong></span> <span class='ocrx_word' id='word_1_107' title='bbox 734 2192 962 2275; x_wconf 82' lang='lat' dir='ltr'><strong>metropolim,</strong></span> <span class='ocrx_word' id='word_1_108' title='bbox 990 2194 1124 2258; x_wconf 82' lang='lat' dir='ltr'><strong>obsedit</strong></span> <span class='ocrx_word' id='word_1_109' title='bbox 1153 2201 1189 2257; x_wconf 88' lang='lat' dir='ltr'><strong>et</strong></span> <span class='ocrx_word' id='word_1_110' title='bbox 1219 2194 1320 2276; x_wconf 86' lang='lat' dir='ltr'><strong>cepit,</strong></span> <span class='ocrx_word' id='word_1_111' title='bbox 1349 2193 1437 2258; x_wconf 86' lang='lat' dir='ltr'><strong>inde</strong></span> 
     </span>
     <span class='ocr_line' id='line_1_18' title="bbox 483 2291 1438 2375; baseline 0.001 -20"><span class='ocrx_word' id='word_1_112' title='bbox 483 2291 689 2356; x_wconf 86' lang='lat' dir='ltr'><strong>Laodiceam</strong></span> <span class='ocrx_word' id='word_1_113' title='bbox 707 2294 891 2368; x_wconf 87' lang='lat' dir='ltr'><strong>transiens,</strong></span> <span class='ocrx_word' id='word_1_114' title='bbox 913 2292 1009 2356; x_wconf 88' lang='lat' dir='ltr'><strong>illam</strong></span> <span class='ocrx_word' id='word_1_115' title='bbox 1031 2293 1161 2375; x_wconf 91' lang='lat' dir='ltr'><strong>recepit</strong></span> <span class='ocrx_word' id='word_1_116' title='bbox 1180 2293 1216 2356; x_wconf 94' lang='lat' dir='ltr'><strong>in</strong></span> <span class='ocrx_word' id='word_1_117' title='bbox 1233 2312 1351 2370; x_wconf 81' lang='lat' dir='ltr'><strong>suam3</strong></span> <span class='ocrx_word' id='word_1_118' title='bbox 1376 2292 1438 2356; x_wconf 89' lang='lat' dir='ltr'><strong>his</strong></span> 
     </span>
     <span class='ocr_line' id='line_1_19' title="bbox 482 2390 1439 2474; baseline 0.001 -20"><span class='ocrx_word' id='word_1_119' title='bbox 482 2398 599 2455; x_wconf 91' lang='lat' dir='ltr'><strong>autem</strong></span> <span class='ocrx_word' id='word_1_120' title='bbox 615 2391 757 2454; x_wconf 87' lang='lat' dir='ltr'><strong>urbibus</strong></span> <span class='ocrx_word' id='word_1_121' title='bbox 777 2390 893 2472; x_wconf 87' lang='lat' dir='ltr'><strong>ampla</strong></span> <span class='ocrx_word' id='word_1_122' title='bbox 912 2391 1014 2455; x_wconf 91' lang='lat' dir='ltr'><strong>nimis</strong></span> <span class='ocrx_word' id='word_1_123' title='bbox 1036 2411 1114 2454; x_wconf 92' lang='lat' dir='ltr'><strong>cum</strong></span> <span class='ocrx_word' id='word_1_124' title='bbox 1136 2392 1272 2474; x_wconf 85' lang='lat' dir='ltr'><strong>oppidis</strong></span> <span class='ocrx_word' id='word_1_125' title='bbox 1294 2399 1329 2456; x_wconf 93' lang='lat' dir='ltr'><strong>et</strong></span> <span class='ocrx_word' id='word_1_126' title='bbox 1349 2393 1439 2455; x_wconf 91' lang='lat' dir='ltr'><strong>sub·</strong></span> 
     </span>
     <span class='ocr_line' id='line_1_20' title="bbox 484 2488 1437 2575; baseline 0.005 -25"><span class='ocrx_word' id='word_1_127' title='bbox 484 2489 644 2566; x_wconf 88' lang='lat' dir='ltr'><strong>urbanis</strong></span> <span class='ocrx_word' id='word_1_128' title='bbox 668 2488 787 2552; x_wconf 90' lang='lat' dir='ltr'><strong>multis</strong></span> <span class='ocrx_word' id='word_1_129' title='bbox 827 2491 1001 2554; x_wconf 88' lang='lat' dir='ltr'><strong>territoria</strong></span> <span class='ocrx_word' id='word_1_130' title='bbox 1031 2490 1245 2575; x_wconf 85' lang='lat' dir='ltr'><strong>adjacebant.</strong></span> <span class='ocrx_word' id='word_1_131' title='bbox 1299 2491 1437 2555; x_wconf 86' lang='lat' dir='ltr'><strong>Eodem</strong></span> 
     </span>
     <span class='ocr_line' id='line_1_21' title="bbox 484 2588 1438 2671; baseline 0.003 -21"><span class='ocrx_word' id='word_1_132' title='bbox 484 2588 589 2650; x_wconf 88' lang='lat' dir='ltr'><strong>etiam</strong></span> <span class='ocrx_word' id='word_1_133' title='bbox 606 2593 760 2670; x_wconf 89' lang='lat' dir='ltr'><strong>tempore</strong></span> <span class='ocrx_word' id='word_1_134' title='bbox 776 2588 1014 2666; x_wconf 89' lang='lat' dir='ltr'><strong>Boamundus,</strong></span> <span class='ocrx_word' id='word_1_135' title='bbox 1025 2588 1320 2655; x_wconf 86' lang='lat' dir='ltr'><strong>Antiochenorum</strong></span> <span class='ocrx_word' id='word_1_136' title='bbox 1337 2591 1438 2671; x_wconf 81' lang='lat' dir='ltr'><strong>prin·</strong></span> 
     </span>
     <span class='ocr_line' id='line_1_22' title="bbox 484 2689 1439 2772; baseline 0.006 -24"><span class='ocrx_word' id='word_1_137' title='bbox 484 2704 577 2767; x_wconf 88' lang='lat' dir='ltr'><strong>ceps,</strong></span> <span class='ocrx_word' id='word_1_138' title='bbox 599 2692 680 2767; x_wconf 90' lang='lat' dir='ltr'><strong>post</strong></span> <span class='ocrx_word' id='word_1_139' title='bbox 704 2706 815 2750; x_wconf 88' lang='lat' dir='ltr'><strong>annos</strong></span> <span class='ocrx_word' id='word_1_140' title='bbox 837 2696 989 2770; x_wconf 88' lang='lat' dir='ltr'><strong>quatuor</strong></span> <span class='ocrx_word' id='word_1_141' title='bbox 1012 2708 1085 2753; x_wconf 79' lang='lat' dir='ltr'><strong>sum</strong></span> <span class='ocrx_word' id='word_1_142' title='bbox 1110 2689 1292 2772; x_wconf 89' lang='lat' dir='ltr'><strong>captionis,</strong></span> <span class='ocrx_word' id='word_1_143' title='bbox 1317 2690 1439 2771; x_wconf 84' lang='lat' dir='ltr'><strong>pretio</strong></span> 
     </span>
     <span class='ocr_line' id='line_1_23' title="bbox 484 2784 1437 2870; baseline 0.004 -23"><span class='ocrx_word' id='word_1_144' title='bbox 484 2784 733 2850; x_wconf 88' lang='lat' dir='ltr'><strong>interveniente</strong></span> <span class='ocrx_word' id='word_1_145' title='bbox 758 2786 965 2870; x_wconf 89' lang='lat' dir='ltr'><strong>redemptus,</strong></span> <span class='ocrx_word' id='word_1_146' title='bbox 988 2787 1208 2852; x_wconf 83' lang='lat' dir='ltr'><strong>Antiochiam</strong></span> <span class='ocrx_word' id='word_1_147' title='bbox 1237 2797 1291 2852; x_wconf 90' lang='lat' dir='ltr'><strong>est</strong></span> <span class='ocrx_word' id='word_1_148' title='bbox 1313 2807 1437 2852; x_wconf 90' lang='lat' dir='ltr'><strong>rever-</strong></span> 
     </span>
     <span class='ocr_line' id='line_1_24' title="bbox 484 2895 902 2947; baseline 0.002 -1"><span class='ocrx_word' id='word_1_149' title='bbox 484 2902 556 2947; x_wconf 89' lang='lat' dir='ltr'><strong>sus.</strong></span> <span class='ocrx_word' id='word_1_150' title='bbox 898 2895 902 2902; x_wconf 87' lang='lat'>&#39;</span> 
     </span>
    </p>
   </div>
   <div class='ocr_carea' id='block_1_3' title="bbox 625 3054 1285 3144">
    <p class='ocr_par' dir='ltr' id='par_1_3' title="bbox 625 3054 1285 3144">
     <span class='ocr_line' id='line_1_25' title="bbox 625 3054 1285 3144; baseline 0.009 -25"><span class='ocrx_word' id='word_1_151' title='bbox 625 3054 713 3134; x_wconf 76' lang='lat' dir='ltr'><strong>Quod</strong></span> <span class='ocrx_word' id='word_1_152' title='bbox 725 3056 832 3120; x_wconf 77' lang='lat' dir='ltr'><strong>Achra</strong></span> <span class='ocrx_word' id='word_1_153' title='bbox 849 3056 993 3120; x_wconf 79' lang='lat' dir='ltr'><strong>redditor</strong></span> <span class='ocrx_word' id='word_1_154' title='bbox 1010 3057 1075 3144; x_wconf 68' lang='lat' dir='ltr'><strong>rapi</strong></span> <span class='ocrx_word' id='word_1_155' title='bbox 1093 3059 1285 3138; x_wconf 71' lang='lat' dir='ltr'><strong>Boldewioo,</strong></span> 
     </span>
    </p>
   </div>
   <div class='ocr_carea' id='block_1_4' title="bbox 323 3171 1554 4156">
    <p class='ocr_par' dir='ltr' id='par_1_4' title="bbox 323 3171 1437 3854">
     <span class='ocr_line' id='line_1_26' title="bbox 548 3171 1437 3250; baseline 0.011 -10"><span class='ocrx_word' id='word_1_156' title='bbox 548 3171 688 3240; x_wconf 90' lang='lat' dir='ltr'><strong>Eodem¹</strong></span> <span class='ocrx_word' id='word_1_157' title='bbox 722 3197 814 3242; x_wconf 89' lang='lat' dir='ltr'><strong>anno</strong></span> <span class='ocrx_word' id='word_1_158' title='bbox 853 3197 917 3242; x_wconf 86' lang='lat' dir='ltr'><strong>rex</strong></span> <span class='ocrx_word' id='word_1_159' title='bbox 956 3179 1176 3245; x_wconf 82' lang='lat' dir='ltr'><strong>Hierusalem</strong></span> <span class='ocrx_word' id='word_1_160' title='bbox 1209 3183 1437 3250; x_wconf 87' lang='lat' dir='ltr'><strong>Baldewinus</strong></span> 
     </span>
     <span class='ocr_line' id='line_1_27' title="bbox 323 3254 1437 3382; baseline 0.013 -50"><span class='ocrx_word' id='word_1_161' title='bbox 323 3254 441 3382; x_wconf 41' lang='lat' dir='ltr'><strong>dcii&amp;</strong></span> <span class='ocrx_word' id='word_1_162' title='bbox 484 3275 750 3353; x_wconf 80' lang='lat' dir='ltr'><strong>Ptolemaidem,</strong></span> <span class='ocrx_word' id='word_1_163' title='bbox 784 3276 960 3340; x_wconf 85' lang='lat' dir='ltr'><strong>civitatem</strong></span> <span class='ocrx_word' id='word_1_164' title='bbox 999 3281 1206 3345; x_wconf 87' lang='lat' dir='ltr'><strong>maritimam</strong></span> <span class='ocrx_word' id='word_1_165' title='bbox 1242 3259 1437 3364; x_wconf 81' lang='lat' dir='ltr'><strong>provinciae</strong></span> 
     </span>
     <span class='ocr_line' id='line_1_28' title="bbox 398 3370 1436 3460; baseline 0.007 -23"><span class='ocrx_word' id='word_1_166' title='bbox 398 3370 404 3382; x_wconf 84' lang='lat'>&#39;</span> <span class='ocrx_word' id='word_1_167' title='bbox 485 3374 675 3452; x_wconf 83' lang='lat' dir='ltr'><strong>Phoenicis,</strong></span> <span class='ocrx_word' id='word_1_168' title='bbox 697 3375 874 3439; x_wconf 90' lang='lat' dir='ltr'><strong>obsidione</strong></span> <span class='ocrx_word' id='word_1_169' title='bbox 898 3376 1064 3457; x_wconf 87' lang='lat' dir='ltr'><strong>vallavit;</strong></span> <span class='ocrx_word' id='word_1_170' title='bbox 1096 3378 1170 3444; x_wconf 86' lang='lat' dir='ltr'><strong>haec</strong></span> <span class='ocrx_word' id='word_1_171' title='bbox 1193 3388 1308 3445; x_wconf 88' lang='lat' dir='ltr'><strong>autem</strong></span> <span class='ocrx_word' id='word_1_172' title='bbox 1334 3383 1436 3460; x_wconf 74' lang='lat' dir='ltr'><strong>urbS,</strong></span> 
     </span>
     <span class='ocr_line' id='line_1_29' title="bbox 483 3474 1436 3561; baseline 0.008 -23"><span class='ocrx_word' id='word_1_173' title='bbox 483 3481 622 3556; x_wconf 87' lang='lat' dir='ltr'><strong>portum</strong></span> <span class='ocrx_word' id='word_1_174' title='bbox 636 3474 765 3537; x_wconf 87' lang='lat' dir='ltr'><strong>hahens</strong></span> <span class='ocrx_word' id='word_1_175' title='bbox 778 3474 868 3538; x_wconf 85' lang='lat' dir='ltr'><strong>infra</strong></span> <span class='ocrx_word' id='word_1_176' title='bbox 885 3478 1014 3540; x_wconf 89' lang='lat' dir='ltr'><strong>moenia</strong></span> <span class='ocrx_word' id='word_1_177' title='bbox 1028 3484 1064 3541; x_wconf 91' lang='lat' dir='ltr'><strong>et</strong></span> <span class='ocrx_word' id='word_1_178' title='bbox 1079 3485 1192 3556; x_wconf 86' lang='lat' dir='ltr'><strong>extra,</strong></span> <span class='ocrx_word' id='word_1_179' title='bbox 1207 3480 1436 3561; x_wconf 88' lang='lat' dir='ltr'><strong>tranquillam</strong></span> 
     </span>
     <span class='ocr_line' id='line_1_30' title="bbox 483 3574 1437 3661; baseline 0.009 -26"><span class='ocrx_word' id='word_1_180' title='bbox 483 3575 638 3654; x_wconf 77' lang='lat' dir='ltr'><strong>praebere</strong></span> <span class='ocrx_word' id='word_1_181' title='bbox 654 3579 770 3654; x_wconf 91' lang='lat' dir='ltr'><strong>potest</strong></span> <span class='ocrx_word' id='word_1_182' title='bbox 783 3574 931 3638; x_wconf 89' lang='lat' dir='ltr'><strong>navibus</strong></span> <span class='ocrx_word' id='word_1_183' title='bbox 947 3575 1144 3640; x_wconf 86' lang='lat' dir='ltr'><strong>stationem.</strong></span> <span class='ocrx_word' id='word_1_184' title='bbox 1182 3577 1286 3642; x_wconf 89' lang='lat' dir='ltr'><strong>Hanc</strong></span> <span class='ocrx_word' id='word_1_185' title='bbox 1301 3579 1437 3661; x_wconf 79' lang='lat' dir='ltr'><strong>gemini</strong></span> 
     </span>
     <span class='ocr_line' id='line_1_31' title="bbox 484 3671 1435 3760; baseline 0.007 -25"><span class='ocrx_word' id='word_1_186' title='bbox 484 3671 609 3736; x_wconf 82' lang='lat' dir='ltr'><strong>fratres</strong></span> <span class='ocrx_word' id='word_1_187' title='bbox 630 3671 794 3758; x_wconf 84' lang='lat' dir='ltr'><strong>fundasse</strong></span> <span class='ocrx_word' id='word_1_188' title='bbox 816 3672 1030 3738; x_wconf 83' lang='lat' dir='ltr'><strong>Ptolomaeus</strong></span> <span class='ocrx_word' id='word_1_189' title='bbox 1049 3683 1086 3739; x_wconf 92' lang='lat' dir='ltr'><strong>et</strong></span> <span class='ocrx_word' id='word_1_190' title='bbox 1104 3674 1227 3742; x_wconf 88' lang='lat' dir='ltr'><strong>Achon</strong></span> <span class='ocrx_word' id='word_1_191' title='bbox 1247 3678 1435 3760; x_wconf 87' lang='lat' dir='ltr'><strong>perhiben-</strong></span> 
     </span>
     <span class='ocr_line' id='line_1_32' title="bbox 485 3772 1434 3854; baseline 0.007 -20"><span class='ocrx_word' id='word_1_192' title='bbox 485 3777 553 3846; x_wconf 90' lang='lat' dir='ltr'><strong>tur,</strong></span> <span class='ocrx_word' id='word_1_193' title='bbox 564 3789 675 3854; x_wconf 88' lang='lat' dir='ltr'><strong>-qnam</strong></span> <span class='ocrx_word' id='word_1_194' title='bbox 694 3772 786 3835; x_wconf 90' lang='lat' dir='ltr'><strong>inter</strong></span> <span class='ocrx_word' id='word_1_195' title='bbox 806 3791 844 3836; x_wconf 86' lang='lat' dir='ltr'><strong>se</strong></span> <span class='ocrx_word' id='word_1_196' title='bbox 859 3772 1062 3851; x_wconf 86' lang='lat' dir='ltr'><strong>dividentes,</strong></span> <span class='ocrx_word' id='word_1_197' title='bbox 1079 3783 1117 3839; x_wconf 90' lang='lat' dir='ltr'><strong>et</strong></span> <span class='ocrx_word' id='word_1_198' title='bbox 1132 3777 1238 3839; x_wconf 89' lang='lat' dir='ltr'><strong>muris</strong></span> <span class='ocrx_word' id='word_1_199' title='bbox 1252 3796 1330 3840; x_wconf 90' lang='lat' dir='ltr'><strong>eam</strong></span> <span class='ocrx_word' id='word_1_200' title='bbox 1346 3778 1434 3841; x_wconf 91' lang='lat' dir='ltr'><strong>soli-</strong></span> 
     </span>
    </p>

    <p class='ocr_par' dir='ltr' id='par_1_5' title="bbox 485 3869 1554 4052">
     <span class='ocr_line' id='line_1_33' title="bbox 485 3869 1554 3953; baseline 0.01 -22"><span class='ocrx_word' id='word_1_201' title='bbox 485 3869 538 3931; x_wconf 90' lang='lat' dir='ltr'><strong>dis</strong></span> <span class='ocrx_word' id='word_1_202' title='bbox 555 3889 617 3951; x_wconf 92' lang='lat' dir='ltr'><strong>per</strong></span> <span class='ocrx_word' id='word_1_203' title='bbox 639 3889 764 3953; x_wconf 84' lang='lat' dir='ltr'><strong>gyrum</strong></span> <span class='ocrx_word' id='word_1_204' title='bbox 782 3871 964 3944; x_wconf 85' lang='lat' dir='ltr'><strong>vallantes,</strong></span> <span class='ocrx_word' id='word_1_205' title='bbox 983 3891 1005 3936; x_wconf 88' lang='lat' dir='ltr'><strong>a</strong></span> <span class='ocrx_word' id='word_1_206' title='bbox 1023 3872 1216 3939; x_wconf 78' lang='lat' dir='ltr'><strong>Ptolomaeo</strong></span> <span class='ocrx_word' id='word_1_207' title='bbox 1240 3875 1437 3940; x_wconf 85' lang='lat' dir='ltr'><strong>Ptolomai-</strong></span> <span class='ocrx_word' id='word_1_208' title='bbox 1553 3873 1554 3882; x_wconf 72' lang='grc'>’</span> 
     </span>
     <span class='ocr_line' id='line_1_34' title="bbox 485 3966 1436 4052; baseline 0.011 -23"><span class='ocrx_word' id='word_1_209' title='bbox 485 3966 576 4044; x_wconf 90' lang='lat' dir='ltr'><strong>dam,</strong></span> <span class='ocrx_word' id='word_1_210' title='bbox 592 3975 628 4032; x_wconf 92' lang='lat' dir='ltr'><strong>et</strong></span> <span class='ocrx_word' id='word_1_211' title='bbox 643 3970 688 4031; x_wconf 86' lang='lat' dir='ltr'><strong>ab</strong></span> <span class='ocrx_word' id='word_1_212' title='bbox 698 3966 842 4034; x_wconf 81' lang='lat' dir='ltr'><strong>Achone</strong></span> <span class='ocrx_word' id='word_1_213' title='bbox 852 3967 988 4048; x_wconf 86' lang='lat' dir='ltr'><strong>Achon,</strong></span> <span class='ocrx_word' id='word_1_214' title='bbox 1003 3973 1078 4037; x_wconf 89' lang='lat' dir='ltr'><strong>sive</strong></span> <span class='ocrx_word' id='word_1_215' title='bbox 1088 3972 1263 4052; x_wconf 78' lang='lat' dir='ltr'><strong>Acheron,</strong></span> <span class='ocrx_word' id='word_1_216' title='bbox 1278 3977 1436 4039; x_wconf 87' lang='lat' dir='ltr'><strong>vocabu·</strong></span> 
     </span>
    </p>

    <p class='ocr_par' dir='ltr' id='par_1_6' title="bbox 484 4065 1553 4156">
     <span class='ocr_line' id='line_1_35' title="bbox 484 4065 1553 4156; baseline 0.008 -27"><span class='ocrx_word' id='word_1_217' title='bbox 484 4065 555 4130; x_wconf 89' lang='lat' dir='ltr'><strong>lum</strong></span> <span class='ocrx_word' id='word_1_218' title='bbox 569 4067 778 4146; x_wconf 87' lang='lat' dir='ltr'><strong>indiderunt.</strong></span> <span class='ocrx_word' id='word_1_219' title='bbox 817 4069 969 4134; x_wconf 87' lang='lat' dir='ltr'><strong>Obsessa</strong></span> <span class='ocrx_word' id='word_1_220' title='bbox 988 4071 1097 4153; x_wconf 85' lang='lat' dir='ltr'><strong>igitur</strong></span> <span class='ocrx_word' id='word_1_221' title='bbox 1113 4073 1254 4136; x_wconf 88' lang='lat' dir='ltr'><strong>civitate</strong></span> <span class='ocrx_word' id='word_1_222' title='bbox 1276 4093 1337 4156; x_wconf 92' lang='lat' dir='ltr'><strong>per</strong></span> <span class='ocrx_word' id='word_1_223' title='bbox 1361 4082 1434 4137; x_wconf 90' lang='lat' dir='ltr'><strong>ter·</strong></span> <span class='ocrx_word' id='word_1_224' title='bbox 1552 4107 1553 4126; x_wconf 37' lang='grc' dir='ltr'><strong>κ</strong></span> 
     </span>
    </p>
   </div>
   <div class='ocr_carea' id='block_1_5' title="bbox 482 4243 1552 4381">
    <p class='ocr_par' dir='ltr' id='par_1_7' title="bbox 482 4243 1552 4381">
     <span class='ocr_line' id='line_1_36' title="bbox 519 4243 1552 4316; baseline 0.013 -19"><span class='ocrx_word' id='word_1_225' title='bbox 519 4243 526 4274; x_wconf 94' lang='lat'><strong>¹</strong></span> <span class='ocrx_word' id='word_1_226' title='bbox 536 4249 630 4298; x_wconf 81' lang='lat' dir='ltr'><strong>Eodem</strong></span> <span class='ocrx_word' id='word_1_227' title='bbox 640 4251 723 4311; x_wconf 64' lang='lat' dir='ltr'><strong>uam]</strong></span> <span class='ocrx_word' id='word_1_228' title='bbox 740 4249 854 4300; x_wconf 81' lang='lat' dir='ltr'><strong>William</strong></span> <span class='ocrx_word' id='word_1_229' title='bbox 865 4251 894 4300; x_wconf 82' lang='lat' dir='ltr'><strong>of</strong></span> <span class='ocrx_word' id='word_1_230' title='bbox 901 4252 968 4313; x_wconf 82' lang='lat' dir='ltr'><strong>Tyra</strong></span> <span class='ocrx_word' id='word_1_231' title='bbox 979 4254 1065 4314; x_wconf 84' lang='lat' dir='ltr'><strong>places</strong></span> <span class='ocrx_word' id='word_1_232' title='bbox 1076 4252 1118 4300; x_wconf 85' lang='lat' dir='ltr'><strong>the</strong></span> <span class='ocrx_word' id='word_1_233' title='bbox 1130 4254 1199 4315; x_wconf 80' lang='lat' dir='ltr'><strong>siege</strong></span> <span class='ocrx_word' id='word_1_234' title='bbox 1216 4253 1245 4302; x_wconf 83' lang='lat' dir='ltr'><strong>os</strong></span> <span class='ocrx_word' id='word_1_235' title='bbox 1254 4255 1393 4307; x_wconf 83' lang='lat' dir='ltr'><strong>Ptolemais</strong></span> <span class='ocrx_word' id='word_1_236' title='bbox 1405 4261 1434 4308; x_wconf 91' lang='lat' dir='ltr'><strong>in</strong></span> <span class='ocrx_word' id='word_1_237' title='bbox 1551 4257 1552 4316; x_wconf 68' lang='lat' dir='ltr'><strong>l</strong></span> 
     </span>
     <span class='ocr_line' id='line_1_37' title="bbox 482 4316 963 4381; baseline 0.019 -19"><span class='ocrx_word' id='word_1_238' title='bbox 482 4317 574 4377; x_wconf 55' lang='lat' dir='ltr'>110³st</span> <span class='ocrx_word' id='word_1_239' title='bbox 584 4317 652 4366; x_wconf 86' lang='lat' dir='ltr'><strong>circa</strong></span> <span class='ocrx_word' id='word_1_240' title='bbox 663 4319 728 4366; x_wconf 81' lang='lat' dir='ltr'><strong>veris</strong></span> <span class='ocrx_word' id='word_1_241' title='bbox 740 4316 856 4381; x_wconf 86' lang='lat' dir='ltr'><strong>initium,’</strong></span> <span class='ocrx_word' id='word_1_242' title='bbox 868 4337 894 4380; x_wconf 90' lang='lat' dir='ltr'><strong>p.</strong></span> <span class='ocrx_word' id='word_1_243' title='bbox 906 4325 963 4371; x_wconf 80' lang='lat'><strong>⁷9⁰.</strong></span> 
     </span>
    </p>
   </div>
   <div class='ocr_carea' id='block_1_6' title="bbox 0 0 1591 5184">
    <p class='ocr_par' dir='ltr' id='par_1_8' title="bbox 0 0 1591 5184">
     <span class='ocr_line' id='line_1_38' title="bbox 0 0 1591 5184; baseline 0 0"><span class='ocrx_word' id='word_1_244' title='bbox 0 0 1591 5184; x_wconf 95' lang='lat' dir='ltr'><strong> </strong></span> 
     </span>
    </p>
   </div>
  </div>
 </body>
</html>
