3144 5180
401 592 540 640 rnonrs
563 591 834 641 arsronmauu.
1027 553 1094 647 297

143 750 282 814 tudines
314 750 476 833 antiquas
498 751 535 814 in
561 771 669 834 regno
695 758 788 815 stare
819 749 1032 832 persuadens
1058 757 1093 814 et
1106 773 1229 814 ninam.

144 849 403 932 archiepiscopo
437 851 605 933 praedicta
635 849 791 931 exigenti
821 851 1031 928 adversans;
1058 857 1093 915 et
1238 837 1242 842 ⁵

143 949 179 1012 in
204 948 270 1012 hoc
303 948 380 1014 loco
410 957 535 1032 quarto
564 951 727 1032 apparuit
754 947 970 1032 perturbatio
1001 949 1094 1030 regis

144 1055 267 1112 contra
283 1048 408 1130 ipsum.
472 1048 603 1113 Eodem
619 1068 710 1112 anno
727 1048 822 1114 iacta
839 1055 892 1112 est
913 1047 1093 1130 inquisitio

143 1147 317 1228 generalis
341 1167 401 1230 per
424 1145 600 1228 Angliam,
628 1149 684 1211 cui
706 1149 783 1230 quis
805 1148 841 1210 in
874 1135 1015 1212 servitio
1038 1166 1093 1210 se-

144 1246 256 1310 culari
278 1247 321 1310 de
338 1245 417 1331 jure
433 1247 605 1311 obnoxius
620 1255 794 1311 teneretur
807 1267 815 1326 ;
844 1246 1025 1310 inventum
1040 1253 1094 1310 est

143 1346 179 1408 in
200 1344 336 1409 Cantiae
353 1347 542 1428 provincia,
558 1346 652 1429 quod
668 1341 882 1412 ¹Willelmus
899 1346 942 1409 de
959 1345 1034 1412 Ros
1046 1346 1093 1409 ¹in
1118 1426 1121 1431 .

146 1463 288 1508 munere
306 1444 461 1526 quolibet
483 1446 662 1510 subeundo
683 1465 798 1528 regem
821 1445 961 1509 deberet
986 1463 1094 1526 agno-

146 1563 243 1608 scere
265 1550 302 1608 et
322 1564 391 1608 non
412 1545 721 1628 archiepiscopum,
749 1552 784 1608 et
806 1544 856 1608 sic
878 1543 995 1608 odium
1016 1564 1096 1626 pera

145 1661 243 1706 sonae
274 1644 310 1706 in
340 1644 501 1707 damnum
531 1645 686 1708 ecclesiae
719 1644 949 1723 redundavit3
981 1643 1094 1728 ethic

146 1741 271 1824 quinto
302 1742 379 1806 loco
411 1743 572 1825 apparuit
602 1743 817 1826 perturbatio
848 1743 941 1824 regis
971 1749 1096 1828 contra

145 1839 257 1904 illumss
297 1841 405 1906 Sexto
426 1843 602 1925 apparuit,
625 1863 704 1906 cum
729 1841 1010 1924 archiepiscopus
1035 1861 1094 1906 va-

146 1948 284 2005 cantem
305 1942 484 2006 ecclesiam
506 1943 548 2006 de
563 1935 761 2006 ²Ainesford
785 1940 922 2004 cuidam
940 1941 1095 2005 Lauren-

148 2040 199 2104 tio
213 2041 382 2120 contulit;
409 2041 470 2105 sed
480 2041 691 2118 Willelmus,
709 2041 802 2105 villae
827 2039 999 2117 dominus,
1028 2040 1095 2103 sibi

145 2139 206 2222 jus
237 2141 425 2211 vendicans
461 2148 667 2223 patronatus
696 2139 922 2205 Laurentium
945 2139 1095 2221 expulit,

147 2258 212 2320 pro
230 2259 302 2321 quo
320 2238 411 2304 facto
434 2240 712 2322 archiepiscopus
726 2238 940 2305 Willelmum
959 2237 1095 2302 excom-

148 2339 359 2418 municavit3
392 2340 496 2421 quod,
524 2340 607 2422 quia
637 2359 720 2421 rege
750 2339 887 2401 minime
910 2337 1096 2402 certiorato

150 2435 302 2514 iecisset,
328 2439 514 2502 maximam
541 2439 616 2521 ejus
642 2439 913 2520 indignationem
938 2437 1095 2500 incurrit.

150 2533 290 2600 Asserit
319 2536 409 2601 enim
434 2558 509 2616 rex,
536 2538 644 2621 juxta
670 2531 875 2620 dignitatem
901 2537 1000 2618 regni
1029 2537 1098 2613 sui,

151 2635 245 2717 quod
271 2637 400 2713 nullus,
430 2636 557 2719 quide
583 2657 664 2718 rege
689 2637 726 2700 in
755 2637 869 2719 capite
890 2642 1020 2714 teneat,
1042 2635 1099 2700 vel

147 2735 309 2799 minister
324 2737 413 2819 ejuS,
429 2735 516 2800 citra
530 2736 624 2800 illius
636 2735 883 2800 conscientiam
900 2736 946 2799 sit
960 2753 1100 2798 excom-

150 2835 380 2898 municandus
402 2836 445 2899 ah
463 2836 592 2919 aliquo,
609 2856 664 2915 ne,
690 2837 720 2900 si
746 2835 811 2900 hoc
836 2855 952 2917 regern
977 2833 1097 2909 lateat,

147 2933 269 3016 lapsus
302 2935 500 3016 ignorantia
530 2937 760 3001 communicet
789 2934 1099 3010 excommunicato,

149 3035 312 3097 comitem
330 3034 384 3097 vel
407 3035 571 3098 baronem
591 3037 640 3101 ‚ad
657 3055 695 3098 se
711 3036 904 3100 venientem
919 3036 955 3098 in
976 3033 1097 3098 osculo

150 3133 207 3195 vel
235 3133 381 3202 consilio
412 3133 586 3198 admittat.
637 3134 791 3214 Septimo
820 3135 993 3214 apparuit,
1021 3152 1100 3196 cum

151 3231 242 3294 idem
264 3251 328 3294 rex
351 3233 491 3297 nuntios
513 3232 558 3295 ad
580 3233 711 3296 curiam
728 3231 923 3295 Romanam
937 3231 1099 3310 misisset,

152 3337 192 3393 ut
212 3332 478 3395 consuetudines
498 3331 596 3412 regni
611 3331 841 3407 confirmaret,
859 3329 917 3392 uhi
931 3329 968 3414 in
983 3327 1100 3409 aliquo

150 3428 374 3511 profecisset;
401 3429 513 3494 nuntii
538 3431 668 3494 reversi
687 3431 839 3493 animum
861 3428 953 3510 regis
978 3435 1101 3491 contra

153 3527 451 3611 archiepiscopum
482 3539 519 3593 et
547 3529 634 3593 alios
662 3536 907 3612 exasperatum
937 3547 1005 3591 non
1037 3546 1100 3610 po·

150 3634 266 3692 terant
282 3628 454 3709 mitigare.
799 3625 801 3630 ’

147 3820 309 3880 antiquitatis
325 3821 352 3868 in
367 3821 459 3869 tinibus
475 3825 542 3870 stare
555 3837 613 3884 per·
637 3823 868 3872 theearloiGlare.
897 3820 1099 3882 Hcatthesame

150 3890 271 3951 suadens,
287 3895 314 3938 et
335 3904 380 3938 eas
398 3891 514 3939 omnibus
531 3893 613 3941 modis
637 3893 697 3941 time
708 3893 823 3942 offended
834 3891 877 3940 the
888 3890 952 3952 king
962 3891 996 3950 by
1008 3889 1099 3946 affirm-

149 3960 243 4020 quihus
264 3961 330 4008 ratio
349 3959 404 4008 fieri
429 3961 553 4020 potuisset
575 3963 614 4010 in·
637 3963 681 4024 ing
691 3962 747 4010 that
756 3962 799 4010 the
810 3961 902 4010 castles
914 3960 943 4009 of
951 3958 1098 4019 Rochestrr,

148 4029 253 4088 ducens,
263 4029 368 4078 alteram
383 4029 526 4078 inclinatior
540 4031 612 4080 vidc-
636 4032 665 4080 of
672 4031 810 4093 Saltwood,
820 4030 871 4078 and
882 4029 970 4089 Hythe
986 4029 1019 4088 by
1029 4027 1098 4088 right
1125 4083 1129 4090 ⁸

145 4093 392 4158 baturinpartem3’
407 4099 457 4147 col.
469 4103 527 4148 634.
636 4102 767 4162 pertained
784 4106 811 4150 to
829 4100 930 4148 theses
946 4097 976 4145 oi
991 4096 1098 4147 Canter-

182 4165 345 4217 ¹Witlelmar
362 4169 391 4216 de
409 4168 489 4231 Rau]
513 4169 539 4216 It
556 4183 612 4217 wan
636 4171 710 4232 bury.
746 4171 853 4220 Gervas.
863 4183 872 4230 ;
883 4168 984 4218 Diceto.

147 4238 212 4286 aiter
223 4238 264 4286 his
275 4243 361 4286 return
373 4237 435 4285 from
452 4239 495 4286 the
511 4239 611 4287 council

143 4307 173 4355 oi
186 4307 270 4356 Tours
284 4308 339 4356 that
356 4307 455 4356 Becket
469 4308 610 4358 demanded
661 4305 826 4372 ²Aiueqsord.]
838 4304 1096 4368 Eynsiord‚inKent;

146 4377 253 4439 homage
267 4376 297 4425 oi
309 4377 423 4426 Willinm
439 4377 471 4426 de
488 4379 541 4428 Ros
559 4379 609 4428 aad
636 4378 790 4440 FiuSteph.
801 4394 827 4440 p.
839 4382 880 4428 28.
