3138 5184
379 550 518 598 riorus
541 549 809 599 nrsronmnuu.
1002 531 1069 596 209

117 723 237 767 corum
266 707 377 788 perito
402 708 570 788 originem
593 715 629 770 et
653 725 856 790 procursum
878 706 970 787 regis
997 705 1064 770 Lo-
1079 721 1202 763 annm.

116 801 243 866 dowici
269 814 453 886 quaereret,
471 805 662 888 respondit,
682 804 842 886 ‘Regum
863 804 1063 886 potentissi-

116 900 196 977 me}
206 902 380 983 inquiens,
396 909 407 939 ‘
421 905 510 968 sicut
521 904 696 986 pleraeque
706 912 829 986 gentes
841 903 1003 984 Europae,
1012 905 1063 968 itu

119 999 260 1078 Franci,
275 1020 297 1064 a
307 1002 471 1086 Trojanis
488 1003 655 1082 originem
671 1002 847 1084 duxerunt
859 1001 881 1080 3'
898 1010 1026 1065 etcum
1042 1021 1063 1065 a

117 1099 258 1178 gemino
274 1120 341 1164 ovo
358 1120 493 1165 omnem
515 1120 634 1181 regum
651 1100 809 1164 Franciae
825 1100 1062 1182 genealogiam

118 1197 271 1262 texendo
287 1199 500 1280 replicasset,
512 1198 556 1262 ad
578 1198 736 1262 ultimum
751 1199 946 1282 subjunxit,
960 1198 1063 1262 ‘Phi-

116 1293 244 1376 lipan,
272 1317 336 1360 rex
360 1298 584 1375 Francorum,
611 1298 731 1378 genuit
754 1297 976 1361 Lodowicum
1000 1299 1060 1379 qui

116 1401 242 1474 regnat
261 1395 297 1456 in
317 1397 492 1478 praesenti,
514 1396 586 1476 qui,
604 1396 634 1458 si
654 1396 838 1478 probitatis
862 1402 1061 1460 antecesso-

116 1511 191 1554 rum
210 1512 352 1557 suorum
368 1495 518 1575 vestigia
535 1500 679 1571 teneret,
703 1502 774 1558 tam
790 1514 911 1558 secure
929 1494 966 1557 in
983 1513 1061 1576 reg·

118 1591 261 1674 noejus
286 1612 356 1655 non
379 1594 574 1674 quiesceres
585 1591 604 1672 3’
634 1600 717 1656 tunc
738 1613 801 1656 rex
824 1593 1005 1656 subridens
1024 1594 1061 1657 in

120 1686 368 1754 Normanniam
394 1692 572 1756 remeavit.
623 1689 778 1756 Advenit
799 1697 916 1755 autem
942 1691 1061 1756 eodem

116 1795 271 1870 tempore
287 1809 310 1853 a
326 1791 483 1872 partibus
503 1789 701 1854 Germaniae
723 1790 795 1853 dux
811 1789 951 1872 quidam
967 1789 1061 1854 Tbe-

116 1886 289 1966 odoricus,
309 1908 390 1971 rege
417 1888 571 1952 Henrico
595 1895 816 1972 procurante,
836 1888 1008 1952 hostiliter
1024 1890 1060 1952 in

118 1985 329 2064 Flandriam,
343 1988 510 2069 quosdam
523 2007 681 2071 proceres
698 1988 930 2053 Flaudrenses
945 2005 1060 2051 secum

116 2085 277 2165 trabens3
300 2087 360 2149 sed
375 2106 489 2151 comes
503 2087 700 2151 Willelmus
720 2087 857 2150 obviam
873 2086 969 2149 venit
984 2105 1062 2148 cum

54 2255 56 2260 ,
117 2185 236 2263 paucis
250 2185 446 2266 agminibus
460 2185 639 2250 ordinatis.
674 2184 874 2266 Pugnatum
886 2191 940 2248 est
953 2184 1063 2247 utrinss·

118 2301 183 2363 que
211 2283 370 2361 viriliter,
399 2284 458 2348 scd
482 2283 604 2348 consul
632 2282 855 2346 Flandrensis
883 2301 1061 2346 numerum

117 2400 268 2459 snorum,
291 2401 370 2445 cum
395 2384 498 2464 pauci
520 2389 649 2459 essent,
675 2381 866 2446 invincibili
890 2382 1063 2463 probitate

118 2481 301 2563 supplebat
314 2501 323 2559 ;
347 2490 509 2545 cruentus
525 2481 616 2544 enim
630 2482 667 2544 in
682 2481 787 2544 armis
801 2499 883 2544 ense
897 2479 1061 2544 fulmineo

119 2597 243 2642 cuneos
267 2579 419 2643 hostium
449 2581 615 2657 findebat,
641 2599 704 2644 nec
732 2585 920 2662 potuerunt
944 2579 1060 2644 hostes

119 2677 267 2757 perferre
294 2680 445 2743 terribile
474 2679 611 2762 pondus
640 2679 772 2743 brachii
793 2677 945 2760 juvenis,
968 2678 1060 2760 fugae

5 2821 7 2850 ,
120 2775 221 2840 dediti
241 2785 278 2841 et
293 2777 502 2843 horribiliter
518 2778 687 2861 dissipati.
720 2777 939 2842 Victoriosus
954 2777 1061 2860 igitur

5 2863 7 2891 ¹
119 2895 230 2938 comes
264 2877 473 2954 Willelmus,
506 2878 588 2941 dum
620 2883 772 2940 castrum
795 2867 907 2956 ¹Augi
940 2883 1062 2940 contra

120 2993 233 3054 regem
252 2974 443 3039 Henricum
463 2977 654 3039 obsedisset
675 2981 710 3039 et
732 2975 769 3038 in
788 2975 940 3038 crastino
965 2975 1061 3042 reddi

6 3081 7 3130 l
121 3071 304 3150 debuisset,
326 3073 484 3139 hostibus
505 3075 580 3157 jam
602 3091 701 3156 paene
722 3073 931 3157 subjugatis,
951 3093 1061 3155 parvo

121 3171 259 3235 vnlnere
290 3173 381 3236 idem
410 3173 550 3256 juvenis
580 3174 616 3236 in
646 3191 752 3236 manu
781 3173 851 3238 telo
878 3189 1061 3256 percussus

121 3270 261 3348 interiit,
291 3271 352 3335 sed
381 3278 497 3336 tamen
529 3278 686 3335 mortuus
716 3271 843 3336 famam
872 3269 1063 3353 promeruit

121 3377 295 3433 aeternam.
348 3371 477 3434 Eodem
505 3389 597 3436 anno
626 3365 819 3434 ²Ranulfns
851 3367 1063 3430 Dunelmen·

120 3467 164 3529 sis
179 3475 215 3532 et
233 3467 431 3533 Willelmus
446 3469 699 3534 Wintoniensis
722 3465 873 3549 episcopi
890 3466 1061 3543 obierunt,

120 3573 155 3629 et
175 3568 344 3650 magister
364 3561 490 3651 ⁸Hug0
515 3569 558 3632 de
582 3567 711 3631 Sancto
733 3564 878 3629 Victore
900 3564 1063 3630 chronica

118 3684 181 3729 sua
194 3667 263 3731 buc
278 3687 388 3749 usque
404 3668 559 3747 digessit.

156 3845 265 3913 ¹Augi,]
276 3865 305 3898 or
315 3849 365 3898 En.
395 3849 507 3897 William
518 3848 578 3897 died
604 3847 644 3896 hie
660 3847 735 3895 death
752 3848 795 3894 the
813 3860 856 3896 see
877 3845 1005 3894 remained
1021 3859 1066 3894 va·

121 3916 151 3963 oi
163 3933 178 3965 a
192 3918 286 3966 wound
303 3917 421 3967 received
438 3917 464 3965 in
475 3918 535 3967 Alst
551 3931 580 3965 or
604 3922 662 3966 cant
672 3916 719 3964 five
730 3929 820 3977 ream
837 3915 943 3975 'l'urgot

121 3985 201 4046 Alost,
217 3987 336 4048 besieged
353 3989 388 4048 by
404 3988 447 4034 the
464 3987 534 4035 duke
554 3984 583 4034 of
639 3983 735 4046 ³Hugo
747 3986 775 4032 de
788 3985 876 4033 Sancto
892 3983 1010 4044 Victore]
1023 3983 1064 4031 lle

122 4053 243 4114 haruin,
264 4055 307 4104 the
331 4056 390 4104 luth
408 4056 480 4118 July.
517 4057 580 4104 Rec.
605 4053 665 4100 died
686 4054 713 4101 iu
732 4057 796 4101 1140
814 4067 842 4101 or
861 4055 934 4110 1142,
952 4049 1064 4110 scarcely

120 4123 168 4170 des
178 4122 246 4173 nist.
256 4125 312 4174 xiii.
322 4139 348 4184 p.
362 4128 418 4174 390.
606 4120 741 4182 sorty-sour
757 4134 832 4183 years
850 4119 880 4168 os
896 4133 960 4182 age3
999 4119 1064 4178 Pagi

157 4187 292 4252 'Rondfroe
305 4193 497 4255 nuaram]
507 4193 583 4256 Upon
607 4191 693 4240 adan.
706 4189 850 4252 mutin
914 4239 925 4246 ,

174 4329 249 4376 voh.
266 4331 302 4376 ll.
899 4327 918 4374 P
