3178 5194
439 501 580 551 sunaus
603 499 872 552 ursroarlauu.
1063 486 1129 554 Μ

166 676 253 722 mus
278 657 371 737 binc,
398 667 435 724 et
463 660 508 724 ad
538 659 651 724 locum
677 658 767 722 unde
787 656 991 728 recessimus
1014 678 1129 724 rever·
1141 680 1195 720 an.
1206 679 1263 720 11⁷⁸.

169 759 314 823 tamur.’
366 757 444 824 Illis
467 770 583 824 autem
605 759 776 842 perviam
802 777 872 841 qua
888 766 1058 823 venerant
1073 730 1287 832 reffl'iiaiiua

167 859 401 936 vertentibus,
416 867 559 924 sanctus
584 877 683 923 snam
707 857 854 921 intravit
873 857 1065 933 ecclesiam,
1092 866 1128 923 et

171 955 278 1022 homo
311 958 370 1022 ille
398 958 538 1023 domum
565 977 664 1023 suam
686 958 864 1039 ingressus
885 959 1026 1040 proprio
1051 977 1128 1024 sese

171 1055 265 1121 lecto
283 1058 425 1141 recepit.

187 1233 279 1312 Quod
292 1235 343 1298 air
351 1234 509 1319 prescius
523 1232 668 1298 visionem
683 1231 743 1298 riht
758 1241 905 1298 ostensam
919 1232 1109 1300 raabam.

227 1354 294 1418 Vir
326 1361 443 1420 autem
474 1375 575 1420 mane
606 1356 885 1439 expergefactus,
917 1358 954 1421 iu
983 1360 1125 1441 ancipiti

172 1453 323 1537 positus,
333 1455 535 1532 fluctuabat,
551 1463 665 1520 utrum
682 1458 747 1520 sub
765 1455 902 1522 silentio
921 1458 1125 1539 praeteriret,

173 1573 222 1617 an
239 1554 329 1632 aliis,
346 1575 425 1638 quae
439 1555 476 1618 in
494 1556 583 1632 visu,
601 1555 656 1619 vel
679 1557 806 1638 potius,
824 1563 863 1621 ut
880 1559 1125 1640 praesumebat,

175 1674 227 1730 re,
259 1655 485 1738 corporaliter
514 1663 616 1736 gesta
645 1654 825 1732 didicerat,
855 1656 1050 1737 revelaret3
1094 1659 1125 1722 si

173 1754 267 1818 enim
288 1753 418 1832 sileret,
435 1774 579 1836 peccare
600 1756 776 1819 metuebat
790 1756 827 1818 in
844 1755 981 1836 Deum3
1004 1758 1034 1820 si
1051 1777 1124 1822 rem

174 1852 380 1936 publicaret,
417 1873 546 1918 sannas
583 1854 759 1919 hominum
792 1856 986 1920 verebatur.
1047 1855 1124 1921 Ista

175 1953 317 2017 tandem
354 1955 470 2018 animo
505 1973 598 2036 saepe
634 1954 817 2020 revolvens
852 1954 968 2032 homo,
1000 1955 1124 2021 timore

179 2053 247 2116 Dei
264 2053 450 2117 humanum
466 2054 644 2119 absorbuit
657 2074 666 2134 ;
693 2061 740 2131 et,
754 2053 836 2118 licet
853 2053 965 2121 adbuc
980 2055 1123 2119 verbum

177 2153 242 2216 hoc
259 2154 497 2217 communibus
518 2160 611 2218 esset
632 2154 774 2217 auribus
791 2152 1042 2230 absconditum,
1060 2154 1121 2218 do-

175 2251 337 2317 mesticos
356 2257 472 2316 tamen
498 2272 639 2317 suornm
663 2259 699 2316 et
723 2252 880 2335 privatos
905 2251 1018 2316 effecit
1039 2271 1123 2317 oon·

177 2353 268 2416 scios
283 2359 506 2417 secretorum.
555 2353 869 2435 1llliautem,quod
886 2352 1065 2416 dicebatur
1085 2352 1121 2416 in

178 2452 340 2527 tenebris,
364 2452 400 2515 in
417 2451 546 2516 lumine
568 2452 801 2534 proferebant,
813 2459 861 2529 et,
874 2451 967 2534 quod
981 2452 1017 2515 in
1039 2471 1123 2518 aure

174 2550 368 2628 audierant,
382 2571 488 2634 super
504 2557 596 2615 tecta
609 2552 858 2632 praedicabant.
910 2552 1056 2616 Factum
1069 2561 1124 2619 est

175 2659 304 2728 autem,
318 2659 359 2717 ut
375 2651 440 2715 hoc
460 2669 552 2714 auno
568 2651 710 2715 verbum
725 2651 819 2717 istud
842 2672 904 2734 per
921 2659 1029 2716 totam
1052 2652 1123 2716 dis·

175 2751 404 2816 seminaretur
431 2751 656 2833 provinciam,
681 2751 769 2815 adeo
792 2751 930 2834 quidem
952 2760 993 2816 ut
1013 2752 1123 2834 ipsius

174 2851 370 2933 frequentia
385 2851 587 2915 monasterii
602 2851 696 2915 beati
711 2852 874 2934 martyris
884 2848 1013 2915 Albani
1030 2851 1122 2916 elau-

175 2959 285 3014 strum
307 2951 465 3014 intraret.
516 2950 676 3033 Denique
699 2950 793 3014 fama
817 2951 1025 3028 desiderata,
1045 2951 1122 3033 qui-

174 3051 321 3114 busdam
334 3049 597 3132 perferentibus,
617 3050 662 3114 ad
684 3051 843 3115 abbatem
867 3049 1041 3114 Simonem
1061 3069 1123 3133 pe-

176 3149 338 3227 netravit,
355 3150 455 3234 eujus
478 3157 559 3232 post
580 3150 694 3214 Deum
716 3149 923 3214 auctoritate
944 3149 1123 3230 negotium

175 3250 260 3314 illud
282 3251 389 3314 robur
409 3257 485 3315 erat
507 3249 704 3332 specialiter
719 3249 936 3326 habiturum3
960 3247 1020 3329 qui
1043 3266 1123 3329 pro·

176 3351 270 3414 tinus
295 3350 419 3430 gratiae
433 3350 502 3413 Dei
523 3349 643 3414 laudes
665 3349 843 3431 persolvit,
863 3355 910 3425 et,
934 3347 1123 3410 communi-

176 3456 254 3514 cato
276 3449 433 3524 consilio,
456 3448 584 3512 electos
600 3449 644 3512 de
660 3455 834 3512 conventu
849 3448 974 3513 fratres
989 3447 1124 3529 aliquot

176 3549 221 3614 ad
243 3549 369 3625 locum,
391 3567 494 3630 quem
514 3548 567 3611 vir
582 3547 641 3612 ille
665 3554 867 3613 ostensurus
890 3553 977 3624 erat,
1003 3545 1123 3630 eodem

175 3649 251 3715 viro
272 3647 416 3731 praevio,
441 3647 641 3712 destinavit.
680 3646 882 3712 Conventus
905 3645 998 3710 domi
1019 3646 1123 3719 devo·

176 3750 221 3814 tis
248 3748 461 3812 orationibus
482 3747 714 3825 incumbebat,
738 3754 774 3812 et
798 3746 922 3811 fratres
944 3746 1123 3810 ductorem

176 3867 275 3912 suurn
295 3854 492 3930 sequentes,
506 3846 623 3911 videre
643 3853 834 3929 martyrum
856 3846 1021 3928 reliquias
1042 3865 1123 3928 pro·

177 3947 367 4030 perabant3
400 3965 470 4028 quo
495 3946 632 4010 demum
657 3946 897 4030 pervenientes
919 3946 1123 4010 invenerunt

176 4047 302 4111 ibidem
313 4046 464 4110 fidelium
480 4045 747 4120 multitudinem,
761 4063 849 4128 quos
858 4043 1008 4126 Spiritus
1018 4043 1125 4108 Sanc·

176 4155 234 4211 tus
264 4145 308 4210 de
344 4146 490 4211 diversis
530 4145 718 4228 provinciis
753 4145 791 4208 in
821 4163 928 4207 unum
959 4161 1125 4226 prospero

175 4247 397 4329 prognostico
431 4245 632 4326 collegerat,
668 4253 708 4310 nt
744 4243 935 4311 inventioni
965 4243 1125 4326 martyris
