3190 5202
345 537 492 584 aucuns
515 537 784 590 meroamuuu.
998 531 1043 596 ab

107 698 205 768 cst,
224 691 306 755 cui
334 691 501 757 tradatur
515 694 683 758 ostende!
735 693 804 758 His
819 709 956 779 quoqne
969 697 1040 762 dic-
1052 719 1107 760 un.
1118 721 1174 760 tm.

97 791 199 854 levi
230 799 362 855 tactu
395 799 508 856 tentat
539 801 681 857 sanctus
702 794 839 876 virgam
871 797 1039 879 accipere,
1051 769 1156 860 bibis.

86 914 95 951 ι
125 909 244 954 mox
275 911 438 954 manum
468 891 544 975 ejus
570 900 691 958 secuta
716 893 860 971 exsiliit,
883 913 925 959 ac
948 897 978 960 si
1000 897 1037 962 in

87 991 127 1052 ,li
147 991 253 1053 luto
271 990 414 1054 fuisset
425 991 614 1073 impressa:
631 1000 817 1057 accurrunt
829 1013 890 1056 rex
902 1002 938 1058 et
951 1014 1037 1077 pon·

88 1109 137 1166 x,
157 1091 374 1171 prostrati
394 1109 416 1153 a
430 1091 592 1156 Wlstano
609 1091 777 1172 [veniam]
795 1101 969 1174 quarunt,
985 1101 1039 1158 aa

86 1209 100 1250 a
127 1188 275 1252 sancti
292 1190 466 1270 precibus
485 1209 523 1252 sc
542 1190 803 1268 commendant;
833 1197 870 1254 at
890 1191 961 1268 ille,
978 1194 1038 1276 qui

86 1288 237 1350 uicerat
267 1307 293 1351 a
314 1288 473 1352 Domino
492 1289 586 1352 mitis
607 1308 683 1352 esse
704 1297 739 1353 et
762 1289 900 1353 humilis
922 1291 1037 1370 corde,

87 1387 131 1449 tis
150 1405 276 1468 aeque
294 1393 501 1468 prostratus
516 1407 537 1450 a
549 1395 648 1452 tanto
662 1389 906 1471 archipraesule
924 1409 961 1454 se
979 1392 1037 1454 be-

87 1487 169 1548 dici
187 1493 392 1567 precatur.
443 1486 543 1550 Tunc
564 1506 627 1550 rex
643 1485 852 1565 Willelmus,
869 1488 905 1550 in
920 1508 1037 1554 amore

90 1587 206 1665 gnati
230 1587 294 1648 sui
310 1586 430 1649 sancti
446 1586 630 1650 Eadwardi
645 1605 843 1664 succensus,
860 1589 1037 1653 sanctissi.

88 1705 155 1746 um
181 1685 272 1766 ejus
298 1684 535 1766 sepulchrum,
553 1705 639 1749 auro
656 1692 691 1748 et
709 1697 853 1768 argento
870 1687 1037 1752 fabrefac-

88 1803 151 1860 1m‚
168 1784 271 1846 miro
288 1783 413 1847 studio
431 1783 616 1849 decoravit.

321 1957 373 2020 Do
388 1958 523 2020 traduto
537 1958 638 2022 suncti
660 1957 804 2022 sttuui.

120 2080 209 2146 Alia
228 2087 354 2144 autem
371 2081 447 2144 vice
462 2081 516 2145 vir
532 2081 673 2146 Domini
688 2083 872 2147 Wlstanns
892 2083 928 2146 in
954 2103 1036 2147 con·

88 2182 153 2244 :ilio
169 2180 373 2244 Wintoniae
396 2179 524 2256 habito,
548 2201 629 2262 rege
642 2181 819 2246 Willelmo
834 2182 979 2264 jubente
1001 2189 1037 2248 et

88 2279 287 2344 alexandro
302 2298 397 2361 papa
411 2281 659 2357 consentiente,
675 2282 911 2363 possessiones
928 2282 1036 2364 pluri-
1103 2329 1109 2344 .

87 2399 158 2442 mas
184 2380 241 2441 sui
268 2379 494 2462 episcopatus¹
519 2380 691 2444 instanter
720 2381 870 2462 repetiit,
902 2382 946 2444 ab
971 2379 1035 2445 Al·

88 2479 206 2554 dred0‚
221 2478 436 2542 Eboracensi
451 2479 722 2561 archiepiscopo,
739 2479 908 2544 violenter
921 2488 1034 2544 reten-

91 2585 144 2640 tas
167 2579 249 2640 dum
275 2579 318 2640 ab
343 2579 488 2641 ecclesia
509 2578 744 2659 Wigorniensi
770 2579 813 2641 ad
837 2579 1034 2644 Eboracen-

95 2697 163 2740 sem
178 2676 395 2753 transfertur,
411 2696 488 2758 quae
500 2676 762 2753 tunc,·Aldred0
775 2678 1034 2761 archiepiscopo

98 2777 267 2850 defuncto,
291 2776 327 2838 in
352 2775 483 2856 regiam
507 2777 718 2840 devenerant
745 2784 974 2857 potestatem
999 2784 1035 2843 et

101 2896 174 2938 cum
199 2875 275 2938 inde
295 2875 465 2957 justitiam
487 2875 553 2938 sibi
577 2875 651 2938 fieri
679 2875 866 2956 flagitaret,
897 2876 1034 2958 adjudi-

104 2984 214 3039 catum
239 2981 289 3038 est
303 2973 451 3049 tandem,
468 2981 507 3036 ut
523 2974 600 3056 ipsa
618 2975 761 3056 querela
779 2977 828 3038 sic
842 2985 1035 3041 remaneret

108 3092 275 3156 quousque
296 3075 329 3135 in
352 3073 562 3136 Eboracensi
588 3073 734 3136 ecclesia
755 3075 1035 3152 constitueretur,

111 3175 164 3254 qui
172 3174 358 3253 loqueretur
366 3191 429 3253 pro
441 3191 493 3235 ea.
523 3173 581 3248 Et,
591 3193 660 3234 non
674 3174 784 3236 multo
798 3180 890 3255 post,
901 3174 1036 3238 Thoma

114 3274 196 3353 regis
210 3272 373 3354 capellano
391 3272 434 3333 ad
451 3271 704 3335 Eboracensem
724 3272 903 3335 ecclesiam
925 3274 1035 3337 archi·

118 3373 261 3453 episcopo
281 3378 482 3446 consecrato,
499 3378 595 3446 mota
612 3379 666 3434 est
681 3372 805 3434 iterum
822 3372 962 3452 querela
983 3393 1037 3436 re·

121 3471 244 3534 verendi
261 3469 415 3545 Wlstani,
436 3468 691 3550 wigorniensis
714 3471 879 3552 episcopi,
895 3472 930 3532 in
953 3491 1035 3534 con-

126 3571 192 3632 cilio
219 3570 299 3650 apud
327 3568 515 3632 Pedredam
544 3568 729 3645 celebrato,
759 3588 874 3632 coram
897 3589 978 3650 rege
1001 3577 1036 3634 et

128 3669 347 3750 archiepiscopo
361 3668 630 3743 Dorcbemensi,
647 3675 752 3749 atque
765 3668 970 3749 primatibus
984 3676 1035 3733 to-

131 3769 187 3830 tius
201 3768 286 3848 regni
306 3767 577 3850 adjudicantibus
595 3769 779 3830 terminata
803 3775 877 3845 est3
901 3770 1035 3832 cunctis

133 3874 227 3930 tamen
247 3867 584 3948 argumentationibus
612 3865 764 3929 falsitate
789 3868 941 3948 stipatis,
959 3869 1035 3949 qui·

137 3966 188 4028 bus
201 3966 328 4029 Thomas
348 3965 490 4048 ejusque
504 3965 658 4030 fautores
677 3965 955 4046 Wigorniensem
981 3985 1036 4030 ec-

141 4066 251 4129 clesiam
272 4066 443 4146 deprimere
468 4073 503 4129 et
522 4061 598 4128 eam
622 4064 802 4128 ecclesiam
827 4065 1035 4129 Eboracensi

142 4165 276 4248 subjicere
285 4167 487 4246 satagebant,
495 4165 593 4248 justo
605 4165 673 4228 Dei
682 4164 813 4248 judicio
825 4165 1037 4228 adnihillatis

144 4271 169 4327 et
180 4265 307 4329 contritis
320 4270 350 4327 et
364 4265 500 4346 scriptis
522 4264 788 4328 evidentissimis
809 4265 967 4342 cassatis,
984 4265 1038 4328 vir
