<?xml version="1.0" encoding="UTF-8"?>
<!DOCTYPE html PUBLIC "-//W3C//DTD XHTML 1.0 Transitional//EN"
    "http://www.w3.org/TR/xhtml1/DTD/xhtml1-transitional.dtd">
<html xmlns="http://www.w3.org/1999/xhtml" xml:lang="en" lang="en">
 <head>
  <title>
</title>
<meta http-equiv="Content-Type" content="text/html;charset=utf-8" />
  <meta name='ocr-system' content='tesseract 3.04.00' />
  <meta name='ocr-capabilities' content='ocr_page ocr_carea ocr_par ocr_line ocrx_word'/>
</head>
<body>
  <div class='ocr_page' id='page_1' title='image "./rogeridewendove07rogegoog_0159.png"; bbox 0 0 3104 5186; ppageno 0'>
   <div class='ocr_carea' id='block_1_1' title="bbox 303 729 454 878">
    <p class='ocr_par' dir='ltr' id='par_1_1' title="bbox 303 729 426 878">
     <span class='ocr_line' id='line_1_1' title="bbox 303 729 426 770; baseline -0.017 0"><span class='ocrx_word' id='word_1_1' title='bbox 303 729 359 770; x_wconf 72' lang='grc' dir='ltr'>Μ)</span> <span class='ocrx_word' id='word_1_2' title='bbox 369 731 426 770; x_wconf 70' lang='grc'>1099.</span> 
     </span>
     <span class='ocr_line' id='line_1_2' title="bbox 304 780 424 829; baseline -0.017 -9"><span class='ocrx_word' id='word_1_3' title='bbox 304 781 391 829; x_wconf 74' lang='lat' dir='ltr'>liutery</span> <span class='ocrx_word' id='word_1_4' title='bbox 400 780 424 818; x_wconf 77' lang='lat' dir='ltr'>oi</span> 
     </span>
     <span class='ocr_line' id='line_1_3' title="bbox 305 791 454 878; baseline 0.008 -9"><span class='ocrx_word' id='word_1_5' title='bbox 305 830 385 878; x_wconf 73' lang='lat' dir='ltr'>tbtcru</span> <span class='ocrx_word' id='word_1_6' title='bbox 368 791 454 870; x_wconf 60' lang='grc' dir='ltr'>ηοιιιᾱ</span> 
     </span>
    </p>
   </div>
   <div class='ocr_carea' id='block_1_2' title="bbox 463 543 1152 610">
    <p class='ocr_par' dir='ltr' id='par_1_2' title="bbox 463 543 1152 610">
     <span class='ocr_line' id='line_1_4' title="bbox 463 543 1152 610; baseline 0 -2"><span class='ocrx_word' id='word_1_7' title='bbox 463 543 528 608; x_wconf 79' lang='grc'>150</span> <span class='ocrx_word' id='word_1_8' title='bbox 714 561 849 609; x_wconf 78' lang='lat' dir='ltr'>nocam</span> <span class='ocrx_word' id='word_1_9' title='bbox 874 562 922 608; x_wconf 84' lang='lat' dir='ltr'>nn</span> <span class='ocrx_word' id='word_1_10' title='bbox 945 561 1152 610; x_wconf 80' lang='lat' dir='ltr'>wuuoovan</span> 
     </span>
    </p>
   </div>
   <div class='ocr_carea' id='block_1_3' title="bbox 424 717 1428 2884">
    <p class='ocr_par' dir='ltr' id='par_1_3' title="bbox 464 717 1421 801">
     <span class='ocr_line' id='line_1_5' title="bbox 464 717 1421 801; baseline -0.005 -18"><span class='ocrx_word' id='word_1_11' title='bbox 464 718 576 783; x_wconf 89' lang='lat' dir='ltr'>lorum</span> <span class='ocrx_word' id='word_1_12' title='bbox 600 719 697 782; x_wconf 85' lang='lat' dir='ltr'>Deus</span> <span class='ocrx_word' id='word_1_13' title='bbox 719 718 937 800; x_wconf 85' lang='lat' dir='ltr'>omnipotens</span> <span class='ocrx_word' id='word_1_14' title='bbox 961 723 1072 782; x_wconf 89' lang='lat' dir='ltr'>estet</span> <span class='ocrx_word' id='word_1_15' title='bbox 1095 737 1159 801; x_wconf 87' lang='lat' dir='ltr'>pro</span> <span class='ocrx_word' id='word_1_16' title='bbox 1187 717 1237 780; x_wconf 88' lang='lat' dir='ltr'>eis</span> <span class='ocrx_word' id='word_1_17' title='bbox 1266 722 1421 798; x_wconf 81' lang='lat' dir='ltr'><strong>pugnat,</strong></span> 
     </span>
    </p>

    <p class='ocr_par' dir='ltr' id='par_1_4' title="bbox 424 816 1414 999">
     <span class='ocr_line' id='line_1_6' title="bbox 424 816 1414 883; baseline -0.004 -0.818"><span class='ocrx_word' id='word_1_18' title='bbox 424 826 530 883; x_wconf 65' lang='lat' dir='ltr'>“aut</span> <span class='ocrx_word' id='word_1_19' title='bbox 547 824 666 881; x_wconf 83' lang='lat' dir='ltr'>noster</span> <span class='ocrx_word' id='word_1_20' title='bbox 689 818 789 882; x_wconf 88' lang='lat' dir='ltr'>nobis</span> <span class='ocrx_word' id='word_1_21' title='bbox 807 818 918 882; x_wconf 88' lang='lat' dir='ltr'>iratus</span> <span class='ocrx_word' id='word_1_22' title='bbox 938 825 992 882; x_wconf 84' lang='lat' dir='ltr'>est</span> <span class='ocrx_word' id='word_1_23' title='bbox 1009 825 1046 882; x_wconf 89' lang='lat' dir='ltr'>et</span> <span class='ocrx_word' id='word_1_24' title='bbox 1063 835 1127 881; x_wconf 87' lang='lat' dir='ltr'>nos</span> <span class='ocrx_word' id='word_1_25' title='bbox 1149 816 1250 879; x_wconf 70' lang='lat' dir='ltr'>niueis</span> <span class='ocrx_word' id='word_1_26' title='bbox 1271 823 1414 879; x_wconf 88' lang='lat' dir='ltr'>austero</span> 
     </span>
     <span class='ocr_line' id='line_1_7' title="bbox 468 915 1422 999; baseline -0.005 -18"><span class='ocrx_word' id='word_1_27' title='bbox 468 917 583 982; x_wconf 77' lang='lat' dir='ltr'>furore</span> <span class='ocrx_word' id='word_1_28' title='bbox 606 918 787 998; x_wconf 82' lang='lat' dir='ltr'>redarguit</span> <span class='ocrx_word' id='word_1_29' title='bbox 807 924 842 980; x_wconf 87' lang='lat' dir='ltr'>et</span> <span class='ocrx_word' id='word_1_30' title='bbox 865 919 1028 999; x_wconf 87' lang='lat' dir='ltr'>castigat.</span> <span class='ocrx_word' id='word_1_31' title='bbox 1081 915 1255 999; x_wconf 82' lang='lat' dir='ltr'>Quicquid</span> <span class='ocrx_word' id='word_1_32' title='bbox 1280 915 1422 978; x_wconf 86' lang='lat' dir='ltr'>contin-</span> 
     </span>
    </p>

    <p class='ocr_par' dir='ltr' id='par_1_5' title="bbox 468 1012 1428 2884">
     <span class='ocr_line' id='line_1_8' title="bbox 468 1012 1421 1100; baseline -0.005 -19"><span class='ocrx_word' id='word_1_33' title='bbox 468 1024 541 1100; x_wconf 88' lang='lat' dir='ltr'>get,</span> <span class='ocrx_word' id='word_1_34' title='bbox 561 1016 628 1079; x_wconf 90' lang='lat' dir='ltr'>hoc</span> <span class='ocrx_word' id='word_1_35' title='bbox 647 1016 725 1093; x_wconf 84' lang='lat' dir='ltr'>erit,</span> <span class='ocrx_word' id='word_1_36' title='bbox 741 1015 834 1098; x_wconf 92' lang='lat' dir='ltr'>quod</span> <span class='ocrx_word' id='word_1_37' title='bbox 852 1017 889 1079; x_wconf 88' lang='lat' dir='ltr'>in</span> <span class='ocrx_word' id='word_1_38' title='bbox 911 1035 971 1080; x_wconf 89' lang='lat' dir='ltr'>eos</span> <span class='ocrx_word' id='word_1_39' title='bbox 988 1016 1102 1080; x_wconf 91' lang='lat' dir='ltr'>denuo</span> <span class='ocrx_word' id='word_1_40' title='bbox 1119 1035 1189 1079; x_wconf 92' lang='lat' dir='ltr'>nou</span> <span class='ocrx_word' id='word_1_41' title='bbox 1209 1015 1337 1095; x_wconf 88' lang='lat' dir='ltr'>erigar,</span> <span class='ocrx_word' id='word_1_42' title='bbox 1355 1012 1421 1076; x_wconf 86' lang='lat' dir='ltr'>sed</span> 
     </span>
     <span class='ocr_line' id='line_1_9' title="bbox 469 1113 1424 1199; baseline -0.005 -19"><span class='ocrx_word' id='word_1_43' title='bbox 469 1116 513 1180; x_wconf 88' lang='lat' dir='ltr'>ad</span> <span class='ocrx_word' id='word_1_44' title='bbox 541 1116 689 1199; x_wconf 85' lang='lat' dir='ltr'>patriam</span> <span class='ocrx_word' id='word_1_45' title='bbox 714 1134 826 1178; x_wconf 91' lang='lat' dir='ltr'>meam</span> <span class='ocrx_word' id='word_1_46' title='bbox 852 1116 1114 1197; x_wconf 82' lang='lat' dir='ltr'>ignominiosus,</span> <span class='ocrx_word' id='word_1_47' title='bbox 1144 1115 1254 1180; x_wconf 88' lang='lat' dir='ltr'>donec</span> <span class='ocrx_word' id='word_1_48' title='bbox 1281 1113 1424 1189; x_wconf 83' lang='lat' dir='ltr'>vixero,</span> 
     </span>
     <span class='ocr_line' id='line_1_10' title="bbox 469 1213 1425 1296; baseline -0.002 -19"><span class='ocrx_word' id='word_1_49' title='bbox 469 1213 646 1278; x_wconf 69' lang='lat' dir='ltr'>revertar?</span> <span class='ocrx_word' id='word_1_50' title='bbox 692 1214 762 1278; x_wconf 88' lang='lat' dir='ltr'>His</span> <span class='ocrx_word' id='word_1_51' title='bbox 781 1214 896 1291; x_wconf 85' lang='lat' dir='ltr'>dictis,</span> <span class='ocrx_word' id='word_1_52' title='bbox 919 1215 1077 1278; x_wconf 87' lang='lat' dir='ltr'>luctuose</span> <span class='ocrx_word' id='word_1_53' title='bbox 1092 1214 1368 1296; x_wconf 81' lang='lat' dir='ltr'>conquerebatur</span> <span class='ocrx_word' id='word_1_54' title='bbox 1383 1220 1425 1275; x_wconf 92' lang='lat' dir='ltr'>et</span> 
     </span>
     <span class='ocr_line' id='line_1_11' title="bbox 469 1311 1425 1397; baseline -0.004 -20"><span class='ocrx_word' id='word_1_55' title='bbox 469 1312 726 1379; x_wconf 84' lang='lat' dir='ltr'>lamentabatur</span> <span class='ocrx_word' id='word_1_56' title='bbox 736 1313 894 1394; x_wconf 87' lang='lat' dir='ltr'>suspiriis</span> <span class='ocrx_word' id='word_1_57' title='bbox 908 1313 1144 1397; x_wconf 79' lang='lat' dir='ltr'>lachrymosis.</span> <span class='ocrx_word' id='word_1_58' title='bbox 1174 1311 1425 1392; x_wconf 85' lang='lat' dir='ltr'>Turcisigitur</span> 
     </span>
     <span class='ocr_line' id='line_1_12' title="bbox 469 1410 1425 1494; baseline -0.002 -19"><span class='ocrx_word' id='word_1_59' title='bbox 469 1413 589 1494; x_wconf 79' lang='lat' dir='ltr'>sugam</span> <span class='ocrx_word' id='word_1_60' title='bbox 607 1411 864 1490; x_wconf 76' lang='lat' dir='ltr'>meditantibus,</span> <span class='ocrx_word' id='word_1_61' title='bbox 883 1431 987 1494; x_wconf 84' lang='lat' dir='ltr'>eques</span> <span class='ocrx_word' id='word_1_62' title='bbox 1009 1411 1149 1494; x_wconf 86' lang='lat' dir='ltr'>quidam</span> <span class='ocrx_word' id='word_1_63' title='bbox 1170 1410 1425 1491; x_wconf 83' lang='lat' dir='ltr'>lotharingus,</span> 
     </span>
     <span class='ocr_line' id='line_1_13' title="bbox 471 1509 1425 1594; baseline -0.002 -20"><span class='ocrx_word' id='word_1_64' title='bbox 471 1513 531 1594; x_wconf 92' lang='lat' dir='ltr'>qui</span> <span class='ocrx_word' id='word_1_65' title='bbox 547 1512 582 1574; x_wconf 91' lang='lat' dir='ltr'>in</span> <span class='ocrx_word' id='word_1_66' title='bbox 598 1512 735 1592; x_wconf 79' lang='lat' dir='ltr'>agmine</span> <span class='ocrx_word' id='word_1_67' title='bbox 751 1518 907 1575; x_wconf 86' lang='lat' dir='ltr'>extremo</span> <span class='ocrx_word' id='word_1_68' title='bbox 925 1531 1003 1576; x_wconf 89' lang='lat' dir='ltr'>cum</span> <span class='ocrx_word' id='word_1_69' title='bbox 1017 1513 1104 1575; x_wconf 91' lang='lat' dir='ltr'>duce</span> <span class='ocrx_word' id='word_1_70' title='bbox 1124 1519 1199 1575; x_wconf 90' lang='lat' dir='ltr'>erat</span> <span class='ocrx_word' id='word_1_71' title='bbox 1215 1509 1425 1587; x_wconf 85' lang='lat' dir='ltr'>Godeirido,</span> 
     </span>
     <span class='ocr_line' id='line_1_14' title="bbox 472 1611 1424 1694; baseline -0.001 -21"><span class='ocrx_word' id='word_1_72' title='bbox 472 1611 677 1674; x_wconf 78' lang='lat' dir='ltr'>uiatoribus</span> <span class='ocrx_word' id='word_1_73' title='bbox 703 1611 863 1694; x_wconf 81' lang='lat' dir='ltr'>equitans</span> <span class='ocrx_word' id='word_1_74' title='bbox 886 1611 1080 1675; x_wconf 82' lang='lat' dir='ltr'>libertatem</span> <span class='ocrx_word' id='word_1_75' title='bbox 1105 1611 1197 1692; x_wconf 77' lang='lat' dir='ltr'>firgae</span> <span class='ocrx_word' id='word_1_76' title='bbox 1218 1619 1255 1674; x_wconf 92' lang='lat' dir='ltr'>et</span> <span class='ocrx_word' id='word_1_77' title='bbox 1275 1628 1424 1690; x_wconf 87' lang='lat' dir='ltr'>campos</span> 
     </span>
     <span class='ocr_line' id='line_1_15' title="bbox 472 1709 1426 1793; baseline 0 -21"><span class='ocrx_word' id='word_1_78' title='bbox 472 1709 617 1774; x_wconf 84' lang='lat' dir='ltr'>abstulit</span> <span class='ocrx_word' id='word_1_79' title='bbox 644 1729 790 1789; x_wconf 82' lang='lat' dir='ltr'>omnes3</span> <span class='ocrx_word' id='word_1_80' title='bbox 822 1710 913 1774; x_wconf 91' lang='lat' dir='ltr'>uude</span> <span class='ocrx_word' id='word_1_81' title='bbox 944 1711 1012 1793; x_wconf 89' lang='lat' dir='ltr'>ipsi</span> <span class='ocrx_word' id='word_1_82' title='bbox 1042 1729 1065 1773; x_wconf 87' lang='lat' dir='ltr'>a</span> <span class='ocrx_word' id='word_1_83' title='bbox 1083 1710 1170 1773; x_wconf 90' lang='lat' dir='ltr'>duce</span> <span class='ocrx_word' id='word_1_84' title='bbox 1198 1709 1426 1773; x_wconf 89' lang='lat' dir='ltr'>Normauno-</span> 
     </span>
     <span class='ocr_line' id='line_1_16' title="bbox 471 1809 1422 1892; baseline 0.001 -20"><span class='ocrx_word' id='word_1_85' title='bbox 471 1829 561 1886; x_wconf 88' lang='lat' dir='ltr'>rum,</span> <span class='ocrx_word' id='word_1_86' title='bbox 586 1811 646 1891; x_wconf 90' lang='lat' dir='ltr'>qui</span> <span class='ocrx_word' id='word_1_87' title='bbox 671 1810 708 1872; x_wconf 92' lang='lat' dir='ltr'>in</span> <span class='ocrx_word' id='word_1_88' title='bbox 735 1810 848 1892; x_wconf 83' lang='lat' dir='ltr'>prima</span> <span class='ocrx_word' id='word_1_89' title='bbox 871 1810 945 1874; x_wconf 87' lang='lat' dir='ltr'>acie</span> <span class='ocrx_word' id='word_1_90' title='bbox 970 1816 1045 1873; x_wconf 84' lang='lat' dir='ltr'>erat</span> <span class='ocrx_word' id='word_1_91' title='bbox 1074 1829 1153 1872; x_wconf 91' lang='lat' dir='ltr'>cum</span> <span class='ocrx_word' id='word_1_92' title='bbox 1183 1809 1358 1892; x_wconf 88' lang='lat' dir='ltr'>equitibus</span> <span class='ocrx_word' id='word_1_93' title='bbox 1384 1816 1422 1873; x_wconf 86' lang='lat' dir='ltr'>et</span> 
     </span>
     <span class='ocr_line' id='line_1_17' title="bbox 472 1907 1425 1991; baseline -0.002 -19"><span class='ocrx_word' id='word_1_94' title='bbox 472 1908 677 1990; x_wconf 86' lang='lat' dir='ltr'>sagittariis,</span> <span class='ocrx_word' id='word_1_95' title='bbox 692 1909 865 1991; x_wconf 88' lang='lat' dir='ltr'>penetrati</span> <span class='ocrx_word' id='word_1_96' title='bbox 881 1915 918 1972; x_wconf 89' lang='lat' dir='ltr'>et</span> <span class='ocrx_word' id='word_1_97' title='bbox 934 1910 977 1973; x_wconf 90' lang='lat' dir='ltr'>ab</span> <span class='ocrx_word' id='word_1_98' title='bbox 1000 1909 1165 1972; x_wconf 82' lang='lat' dir='ltr'>extremis</span> <span class='ocrx_word' id='word_1_99' title='bbox 1181 1907 1318 1986; x_wconf 86' lang='lat' dir='ltr'>inclusi,</span> <span class='ocrx_word' id='word_1_100' title='bbox 1333 1909 1425 1971; x_wconf 85' lang='lat' dir='ltr'>caesi</span> 
     </span>
     <span class='ocr_line' id='line_1_18' title="bbox 473 2007 1425 2088; baseline -0.002 -16"><span class='ocrx_word' id='word_1_101' title='bbox 473 2007 620 2072; x_wconf 86' lang='lat' dir='ltr'>suntad</span> <span class='ocrx_word' id='word_1_102' title='bbox 643 2008 794 2072; x_wconf 91' lang='lat' dir='ltr'>fidelium</span> <span class='ocrx_word' id='word_1_103' title='bbox 816 2009 1059 2088; x_wconf 66' lang='lat' dir='ltr'>voluntatem</span> <span class='ocrx_word' id='word_1_104' title='bbox 1091 2007 1332 2072; x_wconf 85' lang='lat' dir='ltr'>Admiravisus</span> <span class='ocrx_word' id='word_1_105' title='bbox 1355 2021 1425 2070; x_wconf 85' lang='lat' dir='ltr'>au-</span> 
     </span>
     <span class='ocr_line' id='line_1_19' title="bbox 473 2106 1425 2190; baseline 0 -20"><span class='ocrx_word' id='word_1_106' title='bbox 473 2115 542 2170; x_wconf 90' lang='lat' dir='ltr'>tem</span> <span class='ocrx_word' id='word_1_107' title='bbox 571 2127 676 2189; x_wconf 91' lang='lat' dir='ltr'>super</span> <span class='ocrx_word' id='word_1_108' title='bbox 708 2107 963 2171; x_wconf 86' lang='lat' dir='ltr'>dromedarium</span> <span class='ocrx_word' id='word_1_109' title='bbox 996 2106 1131 2190; x_wconf 90' lang='lat' dir='ltr'>positus</span> <span class='ocrx_word' id='word_1_110' title='bbox 1162 2107 1285 2189; x_wconf 88' lang='lat' dir='ltr'>rapido</span> <span class='ocrx_word' id='word_1_111' title='bbox 1313 2123 1425 2170; x_wconf 84' lang='lat' dir='ltr'>cursu</span> 
     </span>
     <span class='ocr_line' id='line_1_20' title="bbox 472 2206 1424 2289; baseline 0.001 -20"><span class='ocrx_word' id='word_1_112' title='bbox 472 2206 547 2289; x_wconf 90' lang='lat' dir='ltr'>ejus</span> <span class='ocrx_word' id='word_1_113' title='bbox 562 2207 687 2271; x_wconf 89' lang='lat' dir='ltr'>evasit.</span> <span class='ocrx_word' id='word_1_114' title='bbox 739 2207 878 2271; x_wconf 89' lang='lat' dir='ltr'>Collata</span> <span class='ocrx_word' id='word_1_115' title='bbox 898 2208 1005 2288; x_wconf 88' lang='lat' dir='ltr'>igitur</span> <span class='ocrx_word' id='word_1_116' title='bbox 1022 2207 1180 2271; x_wconf 90' lang='lat' dir='ltr'>fidelibus</span> <span class='ocrx_word' id='word_1_117' title='bbox 1197 2206 1240 2268; x_wconf 89' lang='lat' dir='ltr'>de</span> <span class='ocrx_word' id='word_1_118' title='bbox 1259 2207 1424 2288; x_wconf 87' lang='lat' dir='ltr'>supernis</span> 
     </span>
     <span class='ocr_line' id='line_1_21' title="bbox 471 2304 1423 2388; baseline 0.001 -21"><span class='ocrx_word' id='word_1_119' title='bbox 471 2304 630 2382; x_wconf 88' lang='lat' dir='ltr'>victoria,</span> <span class='ocrx_word' id='word_1_120' title='bbox 645 2307 681 2369; x_wconf 92' lang='lat' dir='ltr'>in</span> <span class='ocrx_word' id='word_1_121' title='bbox 701 2306 852 2369; x_wconf 88' lang='lat' dir='ltr'>hostium</span> <span class='ocrx_word' id='word_1_122' title='bbox 869 2314 984 2371; x_wconf 87' lang='lat' dir='ltr'>castra</span> <span class='ocrx_word' id='word_1_123' title='bbox 1004 2313 1124 2370; x_wconf 87' lang='lat' dir='ltr'>noster</span> <span class='ocrx_word' id='word_1_124' title='bbox 1145 2305 1302 2388; x_wconf 86' lang='lat' dir='ltr'>pervenit</span> <span class='ocrx_word' id='word_1_125' title='bbox 1319 2323 1423 2370; x_wconf 82' lang='lat' dir='ltr'>exer·</span> 
     </span>
     <span class='ocr_line' id='line_1_22' title="bbox 472 2405 1424 2487; baseline 0.003 -19"><span class='ocrx_word' id='word_1_126' title='bbox 472 2405 574 2481; x_wconf 90' lang='lat' dir='ltr'>citus,</span> <span class='ocrx_word' id='word_1_127' title='bbox 597 2405 656 2467; x_wconf 93' lang='lat' dir='ltr'>ubi</span> <span class='ocrx_word' id='word_1_128' title='bbox 678 2412 813 2469; x_wconf 85' lang='lat' dir='ltr'>tantam</span> <span class='ocrx_word' id='word_1_129' title='bbox 836 2407 924 2483; x_wconf 88' lang='lat' dir='ltr'>auri,</span> <span class='ocrx_word' id='word_1_130' title='bbox 948 2406 1096 2487; x_wconf 84' lang='lat' dir='ltr'>argenti,</span> <span class='ocrx_word' id='word_1_131' title='bbox 1118 2405 1225 2469; x_wconf 86' lang='lat' dir='ltr'>variae</span> <span class='ocrx_word' id='word_1_132' title='bbox 1248 2405 1424 2486; x_wconf 89' lang='lat' dir='ltr'>supellec·</span> 
     </span>
     <span class='ocr_line' id='line_1_23' title="bbox 472 2504 1425 2586; baseline 0.002 -20"><span class='ocrx_word' id='word_1_133' title='bbox 472 2504 544 2567; x_wconf 87' lang='lat' dir='ltr'>tilis</span> <span class='ocrx_word' id='word_1_134' title='bbox 562 2511 597 2567; x_wconf 88' lang='lat' dir='ltr'>et</span> <span class='ocrx_word' id='word_1_135' title='bbox 613 2521 839 2585; x_wconf 88' lang='lat' dir='ltr'>gemmarum,</span> <span class='ocrx_word' id='word_1_136' title='bbox 862 2504 1130 2586; x_wconf 86' lang='lat' dir='ltr'>divitiarumque</span> <span class='ocrx_word' id='word_1_137' title='bbox 1147 2505 1425 2586; x_wconf 84' lang='lat' dir='ltr'>peregrinarum,</span> 
     </span>
     <span class='ocr_line' id='line_1_24' title="bbox 472 2603 1424 2686; baseline 0.004 -22"><span class='ocrx_word' id='word_1_138' title='bbox 472 2621 618 2685; x_wconf 89' lang='lat' dir='ltr'>quarum</span> <span class='ocrx_word' id='word_1_139' title='bbox 643 2604 797 2683; x_wconf 88' lang='lat' dir='ltr'>cognitio</span> <span class='ocrx_word' id='word_1_140' title='bbox 826 2603 955 2668; x_wconf 89' lang='lat' dir='ltr'>uostris</span> <span class='ocrx_word' id='word_1_141' title='bbox 984 2604 1184 2686; x_wconf 88' lang='lat' dir='ltr'>regionibus</span> <span class='ocrx_word' id='word_1_142' title='bbox 1208 2611 1261 2667; x_wconf 83' lang='lat' dir='ltr'>est</span> <span class='ocrx_word' id='word_1_143' title='bbox 1286 2604 1424 2686; x_wconf 87' lang='lat' dir='ltr'>ignota,</span> 
     </span>
     <span class='ocr_line' id='line_1_25' title="bbox 472 2702 1425 2786; baseline 0.002 -20"><span class='ocrx_word' id='word_1_144' title='bbox 472 2702 607 2784; x_wconf 91' lang='lat' dir='ltr'>copiam</span> <span class='ocrx_word' id='word_1_145' title='bbox 640 2703 784 2779; x_wconf 89' lang='lat' dir='ltr'>invenit,</span> <span class='ocrx_word' id='word_1_146' title='bbox 815 2709 856 2766; x_wconf 91' lang='lat' dir='ltr'>ut</span> <span class='ocrx_word' id='word_1_147' title='bbox 884 2721 994 2786; x_wconf 87' lang='lat' dir='ltr'>usque</span> <span class='ocrx_word' id='word_1_148' title='bbox 1027 2704 1072 2766; x_wconf 87' lang='lat' dir='ltr'>ad</span> <span class='ocrx_word' id='word_1_149' title='bbox 1102 2721 1268 2767; x_wconf 83' lang='lat' dir='ltr'>nauseam</span> <span class='ocrx_word' id='word_1_150' title='bbox 1299 2705 1425 2768; x_wconf 89' lang='lat' dir='ltr'>satiati</span> 
     </span>
     <span class='ocr_line' id='line_1_26' title="bbox 471 2800 1428 2884; baseline 0.004 -21"><span class='ocrx_word' id='word_1_151' title='bbox 471 2800 576 2864; x_wconf 91' lang='lat' dir='ltr'>mella</span> <span class='ocrx_word' id='word_1_152' title='bbox 598 2801 794 2865; x_wconf 80' lang='lat' dir='ltr'>fastidirent</span> <span class='ocrx_word' id='word_1_153' title='bbox 811 2809 847 2865; x_wconf 88' lang='lat' dir='ltr'>et</span> <span class='ocrx_word' id='word_1_154' title='bbox 868 2802 1059 2884; x_wconf 85' lang='lat' dir='ltr'>placentas,</span> <span class='ocrx_word' id='word_1_155' title='bbox 1077 2809 1112 2866; x_wconf 90' lang='lat' dir='ltr'>et</span> <span class='ocrx_word' id='word_1_156' title='bbox 1129 2803 1290 2866; x_wconf 89' lang='lat' dir='ltr'>minimus</span> <span class='ocrx_word' id='word_1_157' title='bbox 1307 2803 1428 2867; x_wconf 89' lang='lat' dir='ltr'>dicere</span> 
     </span>
    </p>
   </div>
   <div class='ocr_carea' id='block_1_4' title="bbox 418 2894 1425 2984">
    <p class='ocr_par' dir='ltr' id='par_1_6' title="bbox 418 2894 1425 2984">
     <span class='ocr_line' id='line_1_27' title="bbox 418 2894 1425 2984; baseline 0.003 -21"><span class='ocrx_word' id='word_1_158' title='bbox 418 2981 419 2984; x_wconf 8' lang='grc' dir='ltr'><strong>Ἴ</strong></span> <span class='ocrx_word' id='word_1_159' title='bbox 471 2900 594 2982; x_wconf 81' lang='lat' dir='ltr'>possit,</span> <span class='ocrx_word' id='word_1_160' title='bbox 619 2894 645 2934; x_wconf 89' lang='lat'>¹‘</span> <span class='ocrx_word' id='word_1_161' title='bbox 661 2900 805 2982; x_wconf 90' lang='lat' dir='ltr'>Inopem</span> <span class='ocrx_word' id='word_1_162' title='bbox 828 2921 882 2964; x_wconf 88' lang='lat' dir='ltr'>me</span> <span class='ocrx_word' id='word_1_163' title='bbox 908 2904 1010 2984; x_wconf 87' lang='lat' dir='ltr'>copia</span> <span class='ocrx_word' id='word_1_164' title='bbox 1032 2899 1138 2966; x_wconf 67' lang='lat' dir='ltr'>fecit?</span> <span class='ocrx_word' id='word_1_165' title='bbox 1194 2904 1279 2966; x_wconf 82' lang='lat' dir='ltr'>Dux</span> <span class='ocrx_word' id='word_1_166' title='bbox 1303 2909 1425 2966; x_wconf 85' lang='lat' dir='ltr'>autem</span> 
     </span>
    </p>
   </div>
   <div class='ocr_carea' id='block_1_5' title="bbox 471 2998 1452 3679">
    <p class='ocr_par' dir='ltr' id='par_1_7' title="bbox 471 2998 1452 3679">
     <span class='ocr_line' id='line_1_28' title="bbox 473 2998 1425 3084; baseline 0.002 -20"><span class='ocrx_word' id='word_1_167' title='bbox 473 2998 648 3064; x_wconf 88' lang='lat' dir='ltr'>Robertus</span> <span class='ocrx_word' id='word_1_168' title='bbox 679 3001 762 3064; x_wconf 87' lang='lat' dir='ltr'>emit</span> <span class='ocrx_word' id='word_1_169' title='bbox 784 3000 1009 3065; x_wconf 87' lang='lat' dir='ltr'>standardum</span> <span class='ocrx_word' id='word_1_170' title='bbox 1034 3003 1079 3065; x_wconf 90' lang='lat' dir='ltr'>ab</span> <span class='ocrx_word' id='word_1_171' title='bbox 1097 3002 1152 3077; x_wconf 86' lang='lat' dir='ltr'>iis,</span> <span class='ocrx_word' id='word_1_172' title='bbox 1171 3003 1232 3084; x_wconf 93' lang='lat' dir='ltr'>qui</span> <span class='ocrx_word' id='word_1_173' title='bbox 1255 3001 1342 3065; x_wconf 92' lang='lat' dir='ltr'>illud</span> <span class='ocrx_word' id='word_1_174' title='bbox 1364 3023 1425 3067; x_wconf 91' lang='lat' dir='ltr'>re-</span> 
     </span>
     <span class='ocr_line' id='line_1_29' title="bbox 472 3098 1452 3183; baseline 0.006 -23"><span class='ocrx_word' id='word_1_175' title='bbox 472 3098 650 3162; x_wconf 87' lang='lat' dir='ltr'>tinuerunt</span> <span class='ocrx_word' id='word_1_176' title='bbox 676 3099 758 3163; x_wconf 90' lang='lat' dir='ltr'>dum</span> <span class='ocrx_word' id='word_1_177' title='bbox 781 3101 840 3164; x_wconf 91' lang='lat' dir='ltr'>ille</span> <span class='ocrx_word' id='word_1_178' title='bbox 872 3100 991 3164; x_wconf 89' lang='lat' dir='ltr'>hostes</span> <span class='ocrx_word' id='word_1_179' title='bbox 1015 3101 1265 3183; x_wconf 87' lang='lat' dir='ltr'>insequeretur,</span> <span class='ocrx_word' id='word_1_180' title='bbox 1293 3101 1452 3182; x_wconf 84' lang='lat' dir='ltr'>viginti</span> 
     </span>
     <span class='ocr_line' id='line_1_30' title="bbox 472 3197 1427 3284; baseline 0.006 -26"><span class='ocrx_word' id='word_1_181' title='bbox 472 3197 596 3260; x_wconf 85' lang='lat' dir='ltr'>marcis</span> <span class='ocrx_word' id='word_1_182' title='bbox 619 3199 767 3280; x_wconf 86' lang='lat' dir='ltr'>argenti,</span> <span class='ocrx_word' id='word_1_183' title='bbox 787 3207 823 3263; x_wconf 90' lang='lat' dir='ltr'>et</span> <span class='ocrx_word' id='word_1_184' title='bbox 845 3198 946 3264; x_wconf 86' lang='lat' dir='ltr'>duxit</span> <span class='ocrx_word' id='word_1_185' title='bbox 967 3199 1052 3263; x_wconf 88' lang='lat' dir='ltr'>illud</span> <span class='ocrx_word' id='word_1_186' title='bbox 1071 3200 1179 3284; x_wconf 86' lang='lat' dir='ltr'>juxta</span> <span class='ocrx_word' id='word_1_187' title='bbox 1201 3200 1427 3282; x_wconf 84' lang='lat' dir='ltr'>sepulchrum</span> 
     </span>
     <span class='ocr_line' id='line_1_31' title="bbox 473 3294 1428 3364; baseline 0.006 -6"><span class='ocrx_word' id='word_1_188' title='bbox 473 3294 614 3360; x_wconf 88' lang='lat' dir='ltr'>Domini</span> <span class='ocrx_word' id='word_1_189' title='bbox 632 3297 675 3360; x_wconf 91' lang='lat' dir='ltr'>ad</span> <span class='ocrx_word' id='word_1_190' title='bbox 698 3306 956 3363; x_wconf 91' lang='lat' dir='ltr'>mouumentum</span> <span class='ocrx_word' id='word_1_191' title='bbox 974 3307 1045 3363; x_wconf 89' lang='lat' dir='ltr'>tam</span> <span class='ocrx_word' id='word_1_192' title='bbox 1067 3299 1280 3363; x_wconf 84' lang='lat' dir='ltr'>memorandi</span> <span class='ocrx_word' id='word_1_193' title='bbox 1300 3301 1428 3364; x_wconf 91' lang='lat' dir='ltr'>trium-</span> 
     </span>
     <span class='ocr_line' id='line_1_32' title="bbox 471 3393 1427 3482; baseline 0.008 -26"><span class='ocrx_word' id='word_1_194' title='bbox 471 3393 551 3477; x_wconf 91' lang='lat' dir='ltr'>phi;</span> <span class='ocrx_word' id='word_1_195' title='bbox 578 3396 668 3459; x_wconf 86' lang='lat' dir='ltr'>alius</span> <span class='ocrx_word' id='word_1_196' title='bbox 699 3415 837 3481; x_wconf 90' lang='lat' dir='ltr'>quoque</span> <span class='ocrx_word' id='word_1_197' title='bbox 863 3417 980 3462; x_wconf 83' lang='lat' dir='ltr'>ensem</span> <span class='ocrx_word' id='word_1_198' title='bbox 1009 3399 1163 3482; x_wconf 90' lang='lat' dir='ltr'>ejusdem</span> <span class='ocrx_word' id='word_1_199' title='bbox 1189 3399 1273 3463; x_wconf 89' lang='lat' dir='ltr'>emit</span> <span class='ocrx_word' id='word_1_200' title='bbox 1297 3397 1427 3464; x_wconf 84' lang='lat' dir='ltr'>Admi-</span> 
     </span>
     <span class='ocr_line' id='line_1_33' title="bbox 471 3490 1428 3582; baseline 0.006 -26"><span class='ocrx_word' id='word_1_201' title='bbox 471 3494 578 3558; x_wconf 86' lang='lat' dir='ltr'>ravisi</span> <span class='ocrx_word' id='word_1_202' title='bbox 600 3496 761 3560; x_wconf 84' lang='lat' dir='ltr'>bizantiis</span> <span class='ocrx_word' id='word_1_203' title='bbox 786 3490 1046 3580; x_wconf 82' lang='lat' dir='ltr'>²quadragiuta.</span> <span class='ocrx_word' id='word_1_204' title='bbox 1099 3497 1156 3562; x_wconf 90' lang='lat' dir='ltr'>Sic</span> <span class='ocrx_word' id='word_1_205' title='bbox 1181 3499 1299 3580; x_wconf 87' lang='lat' dir='ltr'>igitur,</span> <span class='ocrx_word' id='word_1_206' title='bbox 1329 3499 1428 3582; x_wconf 83' lang='lat' dir='ltr'>fugi-</span> 
     </span>
     <span class='ocr_line' id='line_1_34' title="bbox 472 3594 1428 3679; baseline 0.006 -23"><span class='ocrx_word' id='word_1_207' title='bbox 472 3594 609 3658; x_wconf 89' lang='lat' dir='ltr'>entibus</span> <span class='ocrx_word' id='word_1_208' title='bbox 632 3595 853 3674; x_wconf 87' lang='lat' dir='ltr'>adversariis,</span> <span class='ocrx_word' id='word_1_209' title='bbox 879 3597 996 3679; x_wconf 87' lang='lat' dir='ltr'>palma</span> <span class='ocrx_word' id='word_1_210' title='bbox 1022 3598 1150 3661; x_wconf 88' lang='lat' dir='ltr'>uostris</span> <span class='ocrx_word' id='word_1_211' title='bbox 1178 3598 1312 3662; x_wconf 87' lang='lat' dir='ltr'>caelitus</span> <span class='ocrx_word' id='word_1_212' title='bbox 1338 3618 1428 3662; x_wconf 90' lang='lat' dir='ltr'>con-</span> 
     </span>
    </p>
   </div>
   <div class='ocr_carea' id='block_1_6' title="bbox 425 3695 1427 3785">
    <p class='ocr_par' dir='ltr' id='par_1_8' title="bbox 425 3695 1427 3785">
     <span class='ocr_line' id='line_1_35' title="bbox 425 3695 1427 3785; baseline 0.008 -31"><span class='ocrx_word' id='word_1_213' title='bbox 425 3775 429 3785; x_wconf 27' lang='lat'><strong><em>.</em></strong></span> <span class='ocrx_word' id='word_1_214' title='bbox 472 3710 583 3770; x_wconf 86' lang='lat' dir='ltr'>cessa,</span> <span class='ocrx_word' id='word_1_215' title='bbox 605 3709 683 3757; x_wconf 90' lang='lat' dir='ltr'>cum</span> <span class='ocrx_word' id='word_1_216' title='bbox 705 3695 839 3776; x_wconf 87' lang='lat' dir='ltr'>ingenti</span> <span class='ocrx_word' id='word_1_217' title='bbox 863 3697 992 3777; x_wconf 86' lang='lat' dir='ltr'>gaudio</span> <span class='ocrx_word' id='word_1_218' title='bbox 1014 3697 1145 3760; x_wconf 86' lang='lat' dir='ltr'>reversi</span> <span class='ocrx_word' id='word_1_219' title='bbox 1167 3697 1308 3762; x_wconf 88' lang='lat' dir='ltr'>suntin</span> <span class='ocrx_word' id='word_1_220' title='bbox 1331 3697 1427 3762; x_wconf 85' lang='lat' dir='ltr'>Hie·-</span> 
     </span>
    </p>
   </div>
   <div class='ocr_carea' id='block_1_7' title="bbox 469 3787 1426 3958">
    <p class='ocr_par' dir='ltr' id='par_1_9' title="bbox 469 3787 1426 3958">
     <span class='ocr_line' id='line_1_36' title="bbox 470 3787 1426 3886; baseline 0.009 -32"><span class='ocrx_word' id='word_1_221' title='bbox 470 3791 633 3870; x_wconf 86' lang='lat' dir='ltr'>rusalem,</span> <span class='ocrx_word' id='word_1_222' title='bbox 664 3787 842 3886; x_wconf 81' lang='lat' dir='ltr'>⁸manibus</span> <span class='ocrx_word' id='word_1_223' title='bbox 874 3796 1010 3861; x_wconf 88' lang='lat' dir='ltr'>onerati</span> <span class='ocrx_word' id='word_1_224' title='bbox 1042 3796 1196 3880; x_wconf 85' lang='lat' dir='ltr'>praedam</span> <span class='ocrx_word' id='word_1_225' title='bbox 1228 3796 1426 3863; x_wconf 84' lang='lat' dir='ltr'>inauditam</span> 
     </span>
     <span class='ocr_line' id='line_1_37' title="bbox 469 3892 796 3958; baseline 0.015 -5"><span class='ocrx_word' id='word_1_226' title='bbox 469 3909 586 3954; x_wconf 86' lang='lat' dir='ltr'>secum</span> <span class='ocrx_word' id='word_1_227' title='bbox 606 3892 796 3958; x_wconf 70' lang='lat' dir='ltr'>trahentes,</span> 
     </span>
    </p>
   </div>
   <div class='ocr_carea' id='block_1_8' title="bbox 1350 4031 1419 4042">
    <p class='ocr_par' dir='ltr' id='par_1_10' title="bbox 1350 4031 1419 4042">
     <span class='ocr_line' id='line_1_38' title="bbox 1350 4031 1419 4042; baseline 0.014 -1"><span class='ocrx_word' id='word_1_228' title='bbox 1350 4031 1419 4042; x_wconf 69' lang='lat' dir='ltr'>—n-n-</span> 
     </span>
    </p>
   </div>
   <div class='ocr_carea' id='block_1_9' title="bbox 468 4094 1425 4308">
    <p class='ocr_par' dir='ltr' id='par_1_11' title="bbox 468 4094 1425 4308">
     <span class='ocr_line' id='line_1_39' title="bbox 504 4094 1425 4173; baseline 0.013 -27"><span class='ocrx_word' id='word_1_229' title='bbox 504 4094 512 4124; x_wconf 94' lang='lat'><strong>¹</strong></span> <span class='ocrx_word' id='word_1_230' title='bbox 526 4095 647 4169; x_wconf 71' lang='lat' dir='ltr'>Imm]</span> <span class='ocrx_word' id='word_1_231' title='bbox 660 4101 739 4154; x_wconf 84' lang='lat' dir='ltr'>ovid.</span> <span class='ocrx_word' id='word_1_232' title='bbox 751 4103 815 4154; x_wconf 89' lang='lat' dir='ltr'>Met.</span> <span class='ocrx_word' id='word_1_233' title='bbox 828 4104 876 4154; x_wconf 83' lang='lat' dir='ltr'>lib.</span> <span class='ocrx_word' id='word_1_234' title='bbox 893 4104 931 4154; x_wconf 89' lang='lat' dir='ltr'>iii.</span> <span class='ocrx_word' id='word_1_235' title='bbox 991 4101 1002 4133; x_wconf 76' lang='lat'><strong>¹</strong></span> <span class='ocrx_word' id='word_1_236' title='bbox 1016 4099 1218 4173; x_wconf 74' lang='lat' dir='ltr'>Quadraginta]</span> <span class='ocrx_word' id='word_1_237' title='bbox 1237 4106 1246 4134; x_wconf 83' lang='lat'>‘</span> <span class='ocrx_word' id='word_1_238' title='bbox 1258 4105 1399 4169; x_wconf 83' lang='lat' dir='ltr'>Sexaginta</span> <span class='ocrx_word' id='word_1_239' title='bbox 1409 4103 1425 4169; x_wconf 71' lang='grc' dir='ltr'>ς’</span> 
     </span>
     <span class='ocr_line' id='line_1_40' title="bbox 468 4173 1174 4235; baseline 0.011 -20"><span class='ocrx_word' id='word_1_240' title='bbox 468 4181 533 4218; x_wconf 81' lang='lat' dir='ltr'>vers.</span> <span class='ocrx_word' id='word_1_241' title='bbox 545 4173 603 4219; x_wconf 80' lang='grc'><strong>466.</strong></span> <span class='ocrx_word' id='word_1_242' title='bbox 958 4173 1071 4235; x_wconf 85' lang='lat' dir='ltr'>Baldric,</span> <span class='ocrx_word' id='word_1_243' title='bbox 1081 4189 1107 4234; x_wconf 93' lang='lat' dir='ltr'>p.</span> <span class='ocrx_word' id='word_1_244' title='bbox 1119 4179 1174 4224; x_wconf 77' lang='lat'>188.</span> 
     </span>
     <span class='ocr_line' id='line_1_41' title="bbox 993 4240 1387 4308; baseline 0.008 -16"><span class='ocrx_word' id='word_1_245' title='bbox 993 4241 1153 4308; x_wconf 62' lang='lat' dir='ltr'>&#39;MonibruJ</span> <span class='ocrx_word' id='word_1_246' title='bbox 1170 4240 1336 4306; x_wconf 87' lang='lat' dir='ltr'>‘Manubiis,‘</span> <span class='ocrx_word' id='word_1_247' title='bbox 1356 4248 1387 4296; x_wconf 84' lang='lat' dir='ltr'>C.</span> 
     </span>
    </p>
   </div>
   <div class='ocr_carea' id='block_1_10' title="bbox 0 0 1557 5186">
    <p class='ocr_par' dir='ltr' id='par_1_12' title="bbox 0 0 1557 5186">
     <span class='ocr_line' id='line_1_42' title="bbox 0 0 1557 5186; baseline 0 0"><span class='ocrx_word' id='word_1_248' title='bbox 0 0 1557 5186; x_wconf 95' lang='lat' dir='ltr'> </span> 
     </span>
    </p>
   </div>
  </div>
 </body>
</html>
