3104 5186
382 535 521 586 enonas
545 535 811 586 ursrosmnun.
1007 522 1072 585 113

131 691 333 770 primeretun
366 692 508 755 ducenti
537 711 584 755 ex
613 711 655 756 ea
685 692 893 756 ceciderunt.
945 691 1068 758 Altera
1079 708 1202 798 rimi

131 809 204 854 vero
223 791 296 853 vice
319 791 429 854 Turci
452 792 488 854 in
511 791 684 874 quoddam
698 791 906 874 ¹praesidium
933 793 1068 856 noviter
1077 797 1226 848 aserdan·

130 897 355 954 constructum
381 891 508 954 acriter
530 891 714 966 irruentes,
731 891 799 953 nisi
824 891 868 954 ah
894 889 984 966 aliis,
1007 892 1067 972 qui

131 987 162 1050 in
173 989 251 1053 urbe
262 999 376 1066 erant,
389 990 492 1052 citius
506 989 757 1065 subveniretur,
765 988 852 1052 illud
861 989 1067 1072 quantocius

132 1097 399 1167 expugnassent;
418 1087 480 1151 sed
497 1087 703 1151 adveniente
716 1088 883 1164 Roberto,
894 1087 1066 1151 Norman·

130 1203 237 1248 norum
262 1187 363 1263 duce,
394 1206 473 1250 cum
496 1186 569 1249 suis
598 1186 804 1267 agminibus,
835 1187 991 1269 pluribus
1022 1205 1066 1250 cx

131 1281 274 1348 hostibus
301 1287 518 1368 interemptis
543 1292 579 1348 et
604 1285 764 1366 captiviS,
786 1284 942 1349 residuos
968 1294 1067 1367 terga

131 1381 202 1446 dare
223 1385 352 1465 coegit.
404 1382 487 1448 Alia
507 1384 574 1460 die,
594 1403 672 1447 cum
695 1383 800 1446 Turci
824 1384 963 1467 quidam
987 1404 1066 1448 nos·

129 1486 191 1544 tros
220 1483 264 1546 ad
292 1482 493 1547 conflictum
517 1489 760 1564 provocarent,
783 1484 929 1564 contigit
954 1491 994 1548 ut
1020 1503 1065 1546 ex

129 1582 215 1661 equis
229 1581 493 1658 descendentes,
505 1582 547 1644 iis
562 1583 623 1664 qui
637 1581 674 1644 in
688 1601 787 1645 muro
797 1583 938 1645 stabant
952 1584 1066 1645 acrius

130 1679 301 1758 instantes,
318 1681 362 1745 ad
379 1680 565 1743 vindictam
582 1681 669 1743 alios
684 1681 900 1758 excitarunt;
922 1689 960 1745 at
971 1681 1065 1744 Tan-

130 1779 239 1842 credus
253 1799 318 1860 per
334 1786 471 1861 portam
484 1779 686 1843 orientalem
700 1799 872 1861 egressus,
882 1787 1066 1862 antequam

130 1875 234 1952 hostes
252 1879 298 1940 ad
316 1897 423 1960 equos
439 1885 581 1960 possent
596 1879 723 1942 habere
740 1897 924 1956 recursum,
943 1898 1006 1941 sex
1021 1899 1066 1942 ex

129 1977 171 2038 eis
187 1975 373 2055 interemit,
390 1976 467 2042 aliis
485 1977 679 2059 perfugam
697 1977 836 2060 elapsis.

127 2147 170 2210 De
178 2149 314 2233 flagellis
333 2149 408 2226 Dei,
430 2169 496 2234 quc
513 2150 699 2234 peregrinas,
713 2153 853 2235 peccatis
871 2148 1067 2234 culpantibus,

502 2249 690 2312 occiduunt.

172 2371 289 2436 Crevit
304 2373 439 2436 interea
456 2373 492 2434 in
511 2373 653 2436 civitate
670 2373 778 2436 fames
801 2372 1017 2448 miserabilis,
1033 2379 1069 2435 et
1080 2384 1204 2482 2¹3·oeer

127 2471 266 2552 populns
292 2472 394 2552 gravi
421 2489 526 2552 supra
555 2472 695 2536 modum
725 2471 840 2535 inedia
870 2472 1039 2552 fatigatur
1057 2485 1183 2550 310112022

126 2567 318 2634 factumest
342 2577 458 2634 autem
479 2570 557 2646 hoc,
571 2570 792 2651 exigentibus
811 2571 964 2653 peccatis
979 2571 1067 2633 mul-

128 2673 245 2745 torum,
260 2670 321 2751 qui
336 2669 373 2730 in
387 2667 661 2750 desperationem
677 2670 780 2752 lapsi,
791 2670 1067 2752 juramentorum

128 2773 158 2828 et
177 2768 250 2833 voti
272 2768 502 2844 immemores,
524 2768 625 2844 clam,
646 2762 802 2832 ¹sunibus
824 2775 859 2831 et
880 2769 917 2830 in
939 2769 1067 2851 sportis

127 2883 182 2946 per
195 2885 331 2929 murum
350 2864 502 2942 demissi,
518 2867 647 2930 relictis
668 2867 705 2930 in
722 2867 875 2950 periculo
890 2867 1068 2944 fratribus,

127 2964 329 3044 aufugerunt
352 2965 396 3027 ad
419 2984 525 3028 mare.
578 2965 687 3030 Erant
709 2973 837 3042 autem,
860 2967 920 3048 qui
942 2967 992 3030 sic
1014 2986 1068 3029 re-

127 3070 309 3140 cesserunt,
334 3064 507 3145 desperati
529 3063 571 3127 de
599 3064 667 3126 Dei
695 3067 850 3129 bonitate
876 3073 912 3129 et
936 3066 1068 3128 miseri·

127 3161 248 3239 cordia,
271 3181 342 3226 non
364 3162 476 3225 solum
499 3162 611 3244 plebei
627 3171 663 3226 et
684 3183 855 3247 pauperes
880 3165 939 3227 sed
963 3165 1067 3227 etiam

127 3249 188 3322 viri
202 3261 334 3324 nobiles
351 3268 386 3323 et
403 3261 511 3325 multa
527 3264 758 3343 generositate
773 3263 943 3345 insignes3
961 3257 1070 3326 ²Wil-

127 3357 243 3422 lelmus
257 3359 417 3424 videlicet
429 3360 473 3424 de
489 3359 740 3438 Grantemenil,
752 3361 901 3444 Apulus,
917 3369 952 3425 et
963 3358 1070 3424 Albe-

127 3457 213 3521 ricus
224 3459 332 3522 frater
345 3459 433 3542 ejus,
442 3457 640 3524 Willelmus
655 3461 902 3544 Carpentarius
917 3469 952 3524 et
964 3454 1069 3523 ³Gui-

161 3666 304 3722 ¹Fanibus.
318 3705 324 3718 .
337 3703 345 3717 .
360 3668 498 3732 .dcmicsi.]
515 3668 583 3717 ‘The
610 3671 642 3718 ed
665 3671 814 3720 themselves
833 3671 867 3731 by
889 3670 983 3731 calling
1004 3670 1072 3718 them

127 3737 240 3798 tugiuves
256 3739 292 3787 let
304 3739 455 3788 themselves
470 3753 530 3787 over
542 3739 584 3786 the
610 3739 652 3788 the
673 3735 867 3801 rope-deucere?
903 3739 985 3799 Mille,
1002 3740 1072 3795 Hist,

127 3807 197 3854 walls
219 3807 247 3856 oi
267 3807 376 3856 Antioch
401 3809 436 3868 by
457 3822 543 3856 means
560 3807 588 3856 of
610 3808 639 3858 oi
647 3809 688 3858 the
701 3809 839 3870 Orusades,
849 3809 867 3860 i.
878 3824 905 3869 p.
917 3812 975 3869 203,
986 3812 1049 3858 rote.

127 3891 205 3936 ropes.
258 3876 362 3926 Baldrie
385 3877 443 3926 tells
473 3891 505 3924 us
531 3877 586 3925 that
646 3905 1071 3977 ,WilmmmmdeGmmmmiL]

127 3945 190 3993 their
206 3945 286 3994 hands
302 3961 371 3994 were
385 3945 530 4006 dreadfully
542 3961 586 4027 ex·
613 3980 654 4028 He
666 3980 717 4028 had
727 3979 836 4027 married
847 3978 889 4028 the
901 3979 975 4027 sister
985 3978 1014 4026 0f
1024 3979 1075 4028 Bo·

21 3989 22 4012 l
171 4015 176 4026 '
446 4017 451 4027 ι

21 4069 22 4080 ³
128 4015 586 4147 ffiffissessffinffnffissnffigssffieffg'g
612 4050 727 4098 nemone.
756 4049 826 4096 wiu.
838 4049 897 4108 Tyr.
910 4063 935 4108 p.
946 4052 1004 4096 us.

128 4153 157 4201 oi
167 4155 187 4203 it
200 4160 266 4204 must
278 4155 343 4203 have
357 4156 420 4203 been
437 4153 544 4217 grateful
561 4160 586 4203 to
648 4149 658 4178 ³
671 4150 773 4212 Gelda]
786 4149 890 4199 ‘Guido
900 4147 1041 4198 Tressellus
1050 4153 1076 4200 et

128 4222 191 4271 their
206 4223 344 4285 indignant,
356 4224 407 4272 and
423 4224 532 4285 perhaps
544 4239 587 4273 en·
613 4220 764 4280 Lambertus
777 4221 880 4280 Pauper
889 4213 902 4276 ς’
933 4217 1004 4268 Will.
1015 4219 1074 4277 Tyr.

129 4293 198 4342 vicus
214 4293 337 4352 brethr'en,
357 4293 415 4342 who
432 4295 486 4342 also
503 4308 586 4342 amus·
612 4305 638 4350 p.
651 4293 708 4338 715.

180 4384 257 4430 VOL.
276 4385 313 4430 ll.
913 4377 924 4424 I
