3144 5180
437 581 576 630 ruoers
600 579 868 630 ursrcereeuu.
1057 563 1123 628 ³23

174 731 439 817 Cantueriensi;
471 739 724 804 denuntiabunt
754 738 871 818 etiem,
902 737 993 819 quod
1024 737 1120 820 quic·
1134 759 1255 800 enare.

172 832 252 913 quid
274 834 428 900 Thomas
455 837 537 903 fecit
561 837 598 901 in
628 833 764 901 irritum
800 842 973 900 revocent.
1037 835 1118 900 Hoc
1130 808 1242 899 libb

171 931 274 995 etiam
304 937 542 1016 postulabunt,
578 942 618 1000 ut
655 954 771 1000 coram
803 937 854 999 eis
886 952 979 1017 pepe
1004 909 1260 1016 jurerimdm

170 1027 276 1094 saciet
299 1033 447 1115 publice,
471 1035 563 1117 quod
587 1036 664 1117 ipse
686 1043 722 1099 et
749 1052 966 1100 successores
994 1033 1048 1096 sui
1081 1041 1117 1098 et

170 1127 253 1192 mibi
292 1138 328 1196 et
361 1133 525 1198 omnibus
567 1134 653 1197 meis
696 1134 810 1215 regies
849 1129 1116 1196 consuetudines

170 1222 316 1293 Heni-ici
343 1233 435 1313 regis
464 1233 523 1296 evi
552 1233 619 1296 mei
648 1232 873 1296 inconcussos
903 1237 940 1295 et
969 1229 1116 1294 inviole-

168 1332 236 1402 tes,
253 1336 421 1410 quantum
438 1330 482 1394 ed
497 1349 547 1408 se,
569 1331 606 1394 iu
627 1338 831 1413 perpetuum
846 1329 1113 1394 conservabunt.

168 1422 272 1501 Quod
290 1427 320 1490 si
335 1427 425 1493 forte
447 1429 552 1493 elicui
573 1428 778 1512 petitionum
800 1447 954 1492 mearum
974 1433 1113 1491 contre·

166 1521 279 1588 dicere
295 1527 480 1605 volueriut,
498 1547 608 1611 neque
630 1547 708 1609 ego,
730 1545 842 1609 neque
863 1527 1012 1590 barones
1034 1525 1113 1603 mei,

167 1638 278 1705 neque
300 1625 412 1690 clerus
436 1645 533 1691 meus
555 1626 707 1708 aliquem
726 1626 777 1689 eis
795 1625 939 1689 ulterius
960 1625 1114 1688 servabi-

165 1738 241 1784 mus
269 1723 511 1802 obedientiam,
531 1725 637 1789 immo
661 1725 775 1806 ipsum
797 1742 924 1806 papam
941 1731 977 1788 et
993 1741 1113 1788 omues

164 1836 247 1883 suos
271 1823 453 1888 manifeste
480 1823 771 1905 impugnabimus,
789 1830 826 1886 et
845 1822 1054 1904 quicumque
1075 1823 1112 1884 in

165 1923 259 1981 terre
283 1939 361 1984 mee
384 1923 545 1986 inventus
573 1922 689 1999 fuerit,
719 1923 780 2005 qui
803 1939 905 2010 papae
935 1920 1111 2003 posthaec

164 2016 341 2082 edbaerere
350 2021 511 2098 voluerit,
525 2021 721 2104 expelletur
732 2039 755 2084 e
768 2037 887 2102 regno.
940 2018 994 2082 Ee
1007 2037 1111 2100 prop·

164 2121 218 2178 ter
239 2135 403 2199 rogemus
430 2139 506 2197 vos,
530 2127 571 2184 ut
594 2119 811 2183 carissimum
834 2117 996 2194 amicum,
1023 2135 1110 2198 qua·

162 2219 264 2278 tenus
294 2215 435 2282 fratrem
463 2218 654 2283 Ernoldum
691 2216 978 2301 hospitalium,
1009 2215 1110 2298 'omni

162 2314 343 2378 occasione
368 2325 511 2394 remote,
537 2317 607 2382 cito
633 2317 676 2380 ad
702 2336 767 2380 nos
791 2314 951 2401 mittetis,
979 2313 1110 2396 quiex

161 2419 262 2492 parte
296 2414 513 2496 imperatoris
549 2422 586 2480 et
618 2422 737 2488 vestre
772 2412 947 2497 praedictis
974 2412 1109 2475 ‚nuntiis

160 2510 248 2574 meis
264 2510 428 2577 ducatum
453 2515 608 2596 praebeet
626 2514 663 2578 in
684 2513 797 2577 eundo
821 2531 883 2594 per
898 2518 1025 2575 terrem
1047 2511 1112 2574 im-

162 2611 355 2690 peratoris3
378 2609 527 2677 Velete?
577 2612 719 2676 Dictum
737 2619 791 2676 est
806 2617 924 2674 autem
939 2629 961 2674 e
977 2609 1111 2673 clericis

161 2715 199 2772 et
211 2710 356 2773 notoriis
373 2709 502 2775 domiui
518 2712 626 2792 regis,
650 2711 742 2792 quod
759 2709 804 2773 ad
818 2709 895 2792 ejus
909 2708 1110 2790 petitionem

161 2805 226 2870 hes
255 2808 375 2872 literas
400 2809 594 2874 dictaverat
619 2808 829 2884 Gilebertus,
860 2807 1111 2871 Londouiensis

161 2906 357 2988 episcopus
378 2909 416 2971 iu
439 2908 624 2991 perniciem
639 2907 769 2970 domini
785 2924 886 2988 popoe
901 2912 944 2984 et⁴
954 2904 1109 2980 Themere,

158 3002 420 3070 centuariensis
452 3006 713 3088 archiepiscopi,
744 3014 781 3069 et
806 3004 962 3068 ecclesiae
986 3002 1111 3083 Angli·

159 3120 281 3182 cenee3
307 3105 398 3167 uude
424 3105 582 3187 contigit,
603 3104 696 3186 quod
719 3110 820 3168 nocte
841 3102 1003 3184 quodem,
1029 3101 1110 3164 dum

158 3199 251 3264 idem
269 3200 468 3267 Gilebertus
480 3203 615 3287 jaceret
630 3203 666 3266 in
681 3209 793 3266 strato
810 3221 886 3277 suo,
901 3208 937 3263 et
956 3197 1112 3262 studeret

158 3299 253 3364 circe
267 3301 504 3366 confusionem
520 3301 769 3382 archiepiscopi
796 3317 917 3382 puram
928 3297 1111 3360 conscien-

159 3396 246 3461 tium
268 3398 441 3476 habentis,
454 3407 490 3464 et
504 3408 657 3464 tenorem
680 3399 855 3462 literarum
878 3393 963 3458 nihil
985 3400 1111 3476 praeter

159 3495 381 3579 iniquitatem
409 3499 671 3573 continentium,
704 3497 837 3560 audivit
864 3513 983 3558 vocem
1007 3492 1110 3556 valde

159 3596 349 3660 terribilem
381 3597 530 3679 desuper
555 3597 716 3659 emissem
749 3595 816 3658 sibi
847 3599 966 3674 operte
994 3592 1110 3655 dicen-

159 3697 243 3770 tem,
258 3699 268 3728 ‘
283 3693 314 3756 0
345 3692 521 3758 Gileberte
546 3694 675 3770 Foliot,
698 3694 780 3758 dum
809 3690 961 3755 revolvis
993 3698 1046 3754 tot
1076 3698 1112 3752 et

158 3797 225 3868 tot,
242 3791 340 3856 Deus
356 3799 438 3856 tuus
453 3800 506 3855 est
522 3784 728 3856 ¹Asteroth.'

194 4008 353 4082 mmm]
371 4013 414 4063 He
425 4015 448 4063 ie
460 4014 516 4063 eeid
524 4017 550 4063 to
562 4013 626 4063 beve
633 4012 774 4076 ensuered,
785 4011 917 4062 ‘Mentiris
925 4009 1111 4072 daemcn,Deus

158 4099 231 4134 mere
240 4089 282 4134 eet
293 4084 367 4134 Deus
379 4078 506 4133 &boethi
