3104 5186
378 525 519 574 ruoaus
543 525 813 574 ursrorrrruu.
1005 509 1072 574 lto

119 678 293 760 reperiunt
309 681 470 742 omnibus
486 680 587 744 bonis
601 679 773 756 refertam,
789 679 880 742 uude
900 697 921 742 a
938 678 1068 762 majore
1080 697 1100 737 r
1110 696 1136 736 n.
1148 699 1204 738 roro.

117 796 223 859 usque
255 778 299 841 ad
331 779 510 842 minimum
544 786 724 861 coepemut
753 779 927 862 copiosius
958 747 1230 842 abun-hiim...

118 876 218 954 dare3
243 879 505 960 reperiebantur
518 879 609 941 enim
626 879 661 940 in
678 878 832 942 aediliciis
854 885 889 942 ct
908 877 1067 940 domibus

118 976 301 1038 confractis
330 978 406 1039 auri
439 984 475 1040 et
502 977 652 1058 argenti,
681 996 894 1057 gemmarum
924 983 959 1040 et
989 996 1067 1058 pre·

119 1075 284 1137 tiosarum
305 1075 466 1151 vestium,
490 1075 666 1151 frumenti,
693 1076 764 1140 vini
788 1083 823 1140 et
842 1074 922 1151 olei,
945 1074 1005 1138 sed
1031 1082 1066 1139 et

119 1191 299 1254 aquarum,
330 1175 423 1238 unde
449 1175 485 1238 in
509 1175 687 1240 obsidione
712 1176 902 1238 maximam
928 1173 1067 1239 fuerant

119 1274 297 1352 penuriam
320 1275 487 1356 perpessi,
508 1274 667 1355 ingentes
686 1275 807 1355 copiae,
822 1272 914 1336 unde
936 1282 971 1336 et
988 1273 1067 1355 ipsi,

120 1372 175 1452 qui
193 1372 261 1434 sibi
278 1371 399 1436 domos
422 1372 702 1448 vendicaverant,
728 1378 890 1454 poterant
909 1370 1068 1454 indigen·

120 1471 209 1534 tibus
224 1471 268 1533 ad
283 1469 522 1534 sufficientiam
537 1470 702 1536 fratribus
717 1473 924 1536 ministrare.
979 1470 1067 1533 Fac·

121 1575 189 1630 tum
212 1577 267 1632 est
289 1578 417 1647 autem,
435 1579 474 1633 ut
489 1570 643 1634 secunda
662 1577 741 1652 post
757 1571 937 1634 victoriam
958 1568 1012 1633 die
1033 1575 1067 1632 et

120 1667 279 1751 deinceps
310 1669 385 1733 foro
413 1668 551 1751 publico
575 1689 690 1733 rerum
724 1670 897 1733 venalium
928 1667 1068 1748 optimis

120 1767 372 1832 conditionibus
402 1768 648 1833 exhiberentur
673 1770 889 1844 commercia,
914 1766 964 1830 ita
992 1766 1069 1849 qui-

120 1866 194 1928 dem
214 1875 254 1930 ut
276 1867 373 1949 plebs
389 1867 529 1930 inferior
550 1867 753 1932 necessariis
776 1869 934 1932 omnibus
959 1866 1069 1930 abuu-

116 1965 228 2060 daret.

243 2141 393 2219 Quomodo
399 2141 561 2226 prdocrpes
574 2163 670 2226 repom
686 2151 714 2206 ot
721 2139 958 2227 patriarchum

493 2243 690 2304 constituant.

170 2365 328 2447 Cumque
351 2385 413 2446 per
435 2364 508 2428 dies
530 2371 659 2446 septem
687 2364 861 2446 principes
886 2364 921 2427 in
950 2371 1072 2428 sancta
1084 2373 1217 2476 ppfppnot

120 2463 263 2526 civitate
278 2463 313 2524 in
329 2465 446 2545 quiete
464 2463 654 2545 laetitiaque
673 2461 845 2545 spirituali
861 2470 998 2544 tempus
1013 2482 1071 2526 ex·
1160 2453 1165 2464 '

122 2562 288 2642 egissent,
305 2569 541 2626 convenerunt
565 2563 738 2644 principes
760 2567 887 2626 octava
911 2562 967 2625 die
986 2569 1075 2626 trac-

124 2662 241 2737 taturi,
262 2680 325 2744 per
349 2662 499 2742 gratiam
523 2661 643 2724 Sancti
668 2662 831 2742 Spiritus,
855 2668 895 2725 ut
922 2661 1073 2742 aliquem

121 2758 165 2822 de
194 2779 260 2824 suo
289 2759 455 2841 eligerent
477 2759 635 2841 collegio,
658 2762 718 2842 qui
740 2760 861 2842 praesit
882 2760 1015 2841 regioni
1038 2767 1075 2826 et

122 2858 157 2918 in
186 2860 330 2922 civitate
358 2866 490 2932 sancta,
511 2859 641 2939 regiam
672 2860 827 2922 obtineat
857 2859 1073 2940 dignitatem.

125 2951 214 3020 Nec¹
238 2957 515 3040 praetereundum
538 2977 674 3030 censeo,
699 2957 791 3040 quod
813 2957 1074 3039 peregrinorum

124 3057 331 3120 universitas
347 3057 412 3120 hoc
429 3057 604 3121 decretum
624 3057 714 3120 inter
733 3075 771 3119 se
792 3061 997 3132 sanxerunt,
1021 3057 1074 3118 in,

124 3163 248 3218 vocato
262 3155 305 3218 de
324 3156 418 3218 caelis
436 3157 479 3219 ab
497 3157 614 3237 magni
637 3156 772 3219 consilii
787 3155 912 3236 angelo
929 3155 1075 3234 auxilio,

161 3385 230 3438 ¹Nec
244 3387 461 3452 pretereundum]
484 3387 538 3435 'l'he
552 3387 590 3435 le·
613 3387 698 3450 kynge
709 3387 916 3436 eilberusalem.
940 3387 993 3436 But
1001 3388 1077 3436 wbau

123 3459 200 3518 gend,
210 3459 296 3506 which
308 3459 334 3504 in
345 3458 396 3506 this
408 3461 472 3505 most
486 3461 589 3518 corrupt
614 3456 645 3505 he
657 3456 734 3505 herde
746 3457 775 3505 oi
784 3457 826 3506 the
842 3456 902 3504 deth
919 3456 948 3505 of
964 3457 1004 3508 his
1023 3459 1079 3506 bro·

125 3528 302 3588 interpolation
324 3527 347 3574 is
368 3526 487 3575 intended
510 3531 535 3574 to
559 3527 589 3574 be
614 3526 668 3586 der,
688 3527 815 3587 Wyllyem
839 3527 924 3588 kynge
946 3525 976 3574 of
994 3527 1078 3588 Euge·

127 3597 263 3656 conveyed,
280 3609 339 3656 may
350 3596 407 3643 best
421 3597 451 3642 be
469 3595 590 3656 gathered
614 3595 697 3657 londo,
709 3595 741 3644 he
753 3596 853 3644 refused
871 3610 903 3656 γε
920 3595 1078 3658 kyngedome

126 3664 189 3712 from
210 3665 253 3713 the
271 3664 389 3713 annexed
408 3669 505 3712 extract
527 3663 590 3712 from
615 3664 643 3712 oi
651 3665 821 3722 iherusalem,
833 3670 876 3713 not
888 3661 1078 3725 bycause'osro·

124 3730 249 3782 Trevisa's
271 3734 372 3782 version
394 3733 423 3783 ot'
446 3733 488 3781 the
514 3733 592 3793 Poly·
616 3733 1079 3796 verence,buti0rdredeoltrauayle

126 3803 276 3862 chronicon3
293 3803 374 3850 ‘Also
385 3808 412 3850 at
421 3803 592 3863 iherusalem,
617 3818 645 3850 or
656 3808 775 3863 couetyse
787 3803 815 3852 ol
828 3803 869 3852 the
882 3804 1041 3864 kyngedome
1055 3803 1084 3851 oi

126 3872 154 3919 in
162 3873 287 3921 arrEester
295 3872 403 3932 eueu‚he
411 3872 592 3934 stodeamongs
619 3872 785 3934 Eugelonde!
796 3871 839 3922 iol.
850 3873 971 3923 cclxxvii.
981 3875 1012 3939 br
1019 3873 1080 3920 edit.

125 3941 197 3990 other
207 3956 264 3989 men
275 3940 464 3990 andabodethe
476 3940 594 4002 syretbat
619 3945 692 3991 152⁷.
721 3941 844 4001 Compare
857 3942 1082 4008 Fabyau,p.2bl.

129 4024 182 4058 was
198 4016 281 4059 vronte
299 4015 324 4058 to
342 4024 412 4059 come
431 4009 494 4058 from
510 4011 593 4059 beuen
619 4011 694 4072 Upon
701 4010 742 4060 the
750 4010 1023 4072 questionwhether,or
1030 4015 1082 4071 not,

127 4079 180 4125 and
195 4079 282 4139 lyghte
300 4094 367 4127 some
388 4093 491 4129 mannes
510 4084 592 4139 taper.
619 4080 770 4128 Robertvvas
778 4094 835 4127 ever
844 4079 939 4126 offered
947 4080 989 4127 the
997 4095 1082 4130 crown

127 4146 230 4194 'l'benuc
248 4147 288 4194 bis
304 4152 377 4209 taper
394 4161 449 4195 was
467 4148 541 4209 lygbt
558 4149 593 4208 by
622 4147 1084 4210 oiJerusalem,tbereadermaycon·

130 4215 228 4277 doynge
263 4215 314 4264 aad
341 4220 429 4266 vertue
461 4216 490 4264 of
525 4215 593 4266 God.
620 4215 932 4282 sultMills,Hist.lofthe
945 4218 1084 4278 Crusades,

130 4284 249 4334 Tberiore
266 4286 299 4334 ull
334 4301 392 4334 men
425 4285 500 4334 chose
533 4286 596 4346 hym
621 4281 844 4349 aestuaret.
907 4347 909 4352 ι

188 4376 266 4422 voh.
283 4377 322 4424 11.
914 4377 936 4428 1⁴
