3178 5194
418 570 557 618 rconns
581 569 852 619 ursronrrnuu.
1041 558 1107 624 403

141 727 315 804 concilio,
328 727 499 790 credimus
516 735 552 792 et
567 728 772 792 confitemur
785 749 862 793 cum
880 727 999 806 Petro,
1012 731 1104 813 quod
1117 751 1173 790 ro.
1184 751 1241 791 nn.

140 845 224 890 una
248 825 409 909 quaedam
431 846 566 891 summa
585 847 641 892 res
665 835 731 905 est,
752 802 1232 912 incomprehensibilisioi'e‘ilni‘

140 926 293 1007 quidem
314 933 349 990 et
366 926 561 1004 ineffabilis,
579 947 657 1009 quae
677 928 847 993 veraciter
868 936 922 994 est
942 928 1050 994 Pater
1071 937 1106 994 et

143 1024 266 1088 Filius
284 1032 319 1089 et
336 1025 485 1107 Spiritus
500 1026 662 1104 Sanctus,
682 1033 753 1091 tres
769 1028 872 1091 simul
888 1047 1046 1110 personae
1064 1049 1105 1094 ac

1117 901 1255 942 condemned.

141 1123 334 1205 sigillatim
350 1125 514 1207 quaelibet
530 1126 713 1189 earundem
726 1147 735 1206 3
758 1133 794 1191 et
807 1127 885 1190 ideo
902 1128 938 1191 in
958 1127 1035 1192 Deo
1049 1147 1105 1193 so-

141 1223 330 1287 lummodo
355 1223 494 1289 trinitas
521 1231 575 1289 est
602 1232 637 1289 et
668 1244 738 1288 non
764 1226 993 1308 quaternitas,
1023 1229 1104 1310 quia

142 1323 318 1404 quaelibet
337 1323 441 1387 trium
460 1342 686 1405 personarum
705 1332 758 1388 est
776 1324 839 1389 illa
856 1344 923 1401 reS,
942 1326 1104 1389 substan·
1149 1351 1152 1358 ²

142 1423 204 1486 tia
235 1423 409 1500 videlicet,
441 1425 592 1488 essentia
623 1444 683 1488 seu
712 1423 830 1488 divina
858 1430 995 1500 natura,
1026 1444 1104 1506 quae

142 1523 229 1586 sola
257 1530 311 1587 est
337 1523 576 1588 universorum
599 1522 819 1606 principium,
846 1530 1103 1607 praeterquam

143 1622 248 1685 alind
264 1623 412 1686 inveniri
429 1641 499 1686 non
519 1630 654 1705 potest;
678 1631 714 1688 et
731 1624 793 1687 illa
810 1641 866 1688 res
885 1643 954 1688 non
974 1631 1029 1688 est
1045 1644 1104 1707 ge·

144 1741 293 1799 nereus,
315 1741 427 1804 neque
453 1723 583 1803 genita,
605 1742 717 1805 neque
743 1723 945 1806 procedens,
967 1724 1027 1788 sed
1050 1731 1104 1788 cst

145 1820 262 1885 Pater
275 1820 336 1904 qui
357 1829 514 1902 generat,
530 1829 565 1886 et
583 1822 693 1886 Filius
709 1824 769 1904 qui
791 1823 959 1904 gignitur,
976 1831 1012 1887 et
1028 1823 1103 1907 Spi-

143 1921 240 1984 ritus
261 1921 410 1985 Sanctus
436 1921 496 2003 qui
522 1921 689 2003 procedit,
711 1929 751 1985 ut
773 1921 1013 1986 distinctiones
1033 1924 1104 1986 sint

143 2021 188 2084 in
209 2021 365 2102 personis
382 2028 418 2085 et
434 2021 555 2084 unitas.
567 2020 603 2082 in
621 2028 757 2084 natura.
790 2020 889 2084 Licet
904 2021 996 2083 enim
1013 2020 1104 2083 alius

145 2121 201 2184 sit
213 2119 332 2198 Pater,
348 2120 438 2184 alins
454 2120 576 2197 Filius,
588 2119 678 2183 alius
694 2119 843 2202 Spiritus
859 2118 1020 2196 Sanctus,
1034 2140 1104 2192 non

146 2227 271 2284 tamen
293 2220 409 2299 aliud;
435 2218 542 2284 Pater
564 2218 655 2282 enim
677 2220 722 2284 ab
742 2227 872 2283 aeterno
895 2219 1023 2283 Filium
1043 2239 1104 2300 ge-

145 2319 306 2384 nerando
333 2338 431 2383 suam
453 2319 736 2386 substantiamei
758 2318 864 2395 dedit,
882 2318 989 2406 juxta
1011 2318 1102 2399 quod

144 2419 228 2502 ipse
248 2425 409 2497 testatur,
433 2417 650 2501 Pater‘quod
668 2419 764 2482 dedit
785 2418 881 2494 mihi,
897 2416 1010 2500 majus
1030 2437 1104 2481 om·

146 2519 254 2582 nibus
274 2526 339 2583 est.
378 2519 425 2583 Et
446 2518 514 2583 dici
536 2538 605 2584 nou
624 2525 752 2600 potest,
770 2517 862 2600 quod
881 2524 1016 2600 partem
1032 2536 1104 2582 suae

147 2618 358 2682 substantiae
380 2618 431 2682 illi
454 2619 598 2695 dederit,
619 2625 655 2681 et
677 2624 811 2700 partem
833 2617 1014 2681 retinuerit
1030 2617 1104 2699 ipse

146 2717 229 2794 sibi,
256 2738 334 2782 cum
360 2719 557 2784 substantia
579 2716 696 2782 Patris
718 2716 937 2782 indivisibilis
964 2717 1022 2795 sit,
1048 2723 1104 2781 ut·

146 2823 233 2898 pote
255 2817 403 2899 simplex
425 2820 586 2899 omnin03
610 2817 670 2883 sed
694 2838 758 2884 nec
779 2817 847 2882 dici
864 2823 992 2900 potest,
1010 2816 1103 2899 quod

150 2914 319 2976 Peterin
343 2916 471 2979 Filium
498 2920 718 2984 transtulerit
746 2938 845 2983 suam
873 2917 1105 2981 substantiam

151 3011 350 3091 generando
379 3012 489 3089 illum,
514 3017 616 3096 quasi
646 3019 696 3080 sic
727 3016 860 3082 dederit
891 3037 968 3082 eam
1002 3016 1104 3093 Filio,

46 3177 54 3196 .
152 3107 246 3191 quod
268 3128 338 3172 uon
367 3109 547 3176 retinuerit
569 3113 681 3193 ipsam
705 3116 783 3193 sibi,
805 3115 960 3197 alioquin
983 3115 1104 3178 desiis-

152 3215 208 3274 set
222 3227 301 3273 osse
318 3207 534 3288 substantia3
553 3210 663 3274 Filius
684 3231 767 3276 vero
785 3212 1015 3277 substantiam
1034 3212 1104 3277 Pa-

151 3309 215 3372 tris
237 3309 410 3390 integram
436 3307 611 3373 nascendo
640 3311 787 3393 accepit,
809 3311 917 3375 etita
940 3310 1048 3374 Pater
1069 3320 1105 3376 et

153 3408 264 3472 Filius
286 3407 431 3472 eandem
454 3407 583 3472 habent
600 3409 842 3486 substantiam,
862 3417 898 3474 et
914 3409 1033 3474 eadem
1049 3429 1103 3474 res

151 3516 205 3572 est
229 3506 338 3573 Pater
358 3515 395 3572 et
418 3508 542 3586 Filius,
565 3527 697 3573 necnon
724 3515 760 3572 et
781 3508 931 3591 Spiritus
955 3509 1104 3574 Sanctus

152 3609 195 3672 ab
224 3616 373 3690 utroque
403 3608 592 3691 procedens
623 3617 658 3673 et
690 3609 726 3672 in
755 3615 904 3691 utroque
932 3627 1102 3689 manens3

153 3708 347 3783 nonenim,
370 3714 409 3771 ut
432 3709 482 3772 ait
504 3710 611 3773 abbas
633 3707 807 3786 Joachim,
832 3707 951 3773 fideles
974 3707 1103 3773 Christi
1129 3777 1132 3784 ,

152 3814 233 3870 sunt
254 3826 373 3883 unum,
395 3806 429 3869 id
456 3814 522 3885 est,
547 3828 617 3874 una
642 3808 800 3892 quaedam
829 3827 885 3872 res
908 3827 987 3891 quae
1009 3827 1104 3872 com-

152 3906 264 3968 munis
287 3906 334 3969 sit
354 3908 524 3984 omnibus,
545 3909 606 3972 sed
625 3916 707 3974 sunt
723 3927 830 3972 unum
850 3908 886 3972 in
902 3908 1027 3971 unione
1047 3927 1105 3971 ca-

151 4005 276 4082 ritatis,
299 4005 335 4067 in
358 4008 493 4086 gratia3
521 4026 584 4089 pro
611 4008 768 4090 personis
795 4027 878 4073 vero
903 4006 1043 4084 divinis,
1065 4014 1105 4070 ut

151 4104 364 4182 attendatur,
378 4105 573 4170 identitatis
592 4108 709 4171 unitas
726 4108 761 4171 in
779 4115 916 4172 natura.
949 4106 1104 4170 Damna·

151 4223 228 4270 mus
248 4204 356 4286 igitur
375 4214 412 4269 et
434 4207 658 4289 reprobamus
680 4207 834 4271 libellum
854 4207 878 4272 J
881 4206 1015 4272 oachim
1032 4205 1106 4271 sive

151 4303 354 4382 doctrinam,
372 4305 423 4370 ita
445 4312 496 4384 ut,
518 4307 548 4370 si
567 4307 646 4390 quis
664 4307 739 4390 ejus
762 4307 969 4371 sententiam
986 4306 1022 4369 iu
1041 4305 1106 4370 hac

927 4437 998 4482 2o2
