3138 5184
415 565 554 612 neonus
581 564 852 612 ursronmnuu.
1044 549 1109 612 207

153 721 269 786 sancti
298 717 481 786 Michaelis
513 722 648 784 rediens
676 721 714 784 iu
742 720 908 802 Angliam
931 720 1032 784 duxit
1055 740 1109 784 se·
1124 736 1246 776 nnana

156 839 236 882 cum
256 820 363 883 filiam
389 839 501 896 suam,
524 827 623 883 tanto
645 819 734 895 viro,
755 825 797 882 ut
819 818 1022 900 praedictum
1044 827 1109 896 θεῖ,

156 918 361 1005 viduatam;
392 926 427 982 ct
449 919 626 1003 continuo,
644 917 748 1000 jussu
770 917 875 1000 regiS,
899 938 1017 981 omnes
1033 916 1109 981 An·

157 1017 239 1097 gliae
257 1021 293 1079 θῖ
315 1015 542 1080 Normanniae
560 1016 592 1079 ei
607 1017 805 1098 optimateS,
827 1022 896 1078 tam
921 1017 1020 1096 regni
1036 1015 1111 1080 An-

158 1114 240 1195 gliae
268 1135 372 1196 quam
395 1115 542 1178 ducatus
566 1114 805 1190 Normanniae,
831 1115 1051 1196 juraverunt,
1075 1122 1109 1178 et

157 1215 291 1295 primus
318 1214 470 1277 omnium
495 1232 609 1277 comcs
635 1214 804 1277 Bononiae
830 1213 1038 1294 Stephanus,
1064 1231 1109 1275 ex

161 1309 288 1389 Adule,
310 1331 429 1375 sorore
452 1312 544 1393 regis
569 1311 726 1388 Henrici,
748 1316 784 1374 θῖ
808 1311 966 1374 Blesensi
985 1309 1110 1375 comite

160 1416 359 1490 generatus.

173 1578 262 1658 erod
277 1580 424 1644 eontentio
431 1581 528 1662 facto
542 1588 585 1643 est
601 1580 683 1644 inter
698 1579 940 1668 arclimbcopm
957 1581 1097 1648 Ouolou-

426 1678 554 1742 rt'oosam
568 1687 598 1741 et
610 1677 840 1743 Eboroceasem.

211 1797 317 1862 Anno
337 1797 479 1862 Domini
502 1815 678 1864 ucxxvu.
697 1821 760 1864 rex
776 1801 952 1864 Henricus
972 1801 1017 1864 ad
1035 1799 1110 1864 Na·
1124 1809 1245 1899 i'⁰l¹¹e²⁷'

164 1897 235 1960 tale
261 1897 374 1961 tenuit
400 1899 531 1961 curiam
563 1918 662 1962 suam
687 1900 778 1980 apud
806 1899 1085 1964 Windleshoram
1101 1919 1110 1978 3
1124 1870 1266 2006 ffigffig

165 1996 224 2059 ubi
246 2015 326 2058 cum
348 1994 556 2071 Turstanus,
576 1997 803 2060 Eboracensis
822 1998 1111 2081 archiepiscopus

165 2095 201 2158 in
223 2093 464 2179 praejudicium
486 2094 664 2172 Willelmi,
688 2095 949 2160 Cantuariensis
978 2096 1111 2160 archie-

164 2192 311 2274 piscopi,
332 2211 448 2272 regem
474 2192 579 2256 vellet
605 2213 782 2270 coronare,
803 2194 936 2276 judicio
960 2195 1111 2257 omnium

166 2291 328 2372 repulsus
353 2296 418 2366 est,
444 2296 479 2354 et
500 2291 592 2354 lator
613 2293 726 2356 crucis
751 2293 839 2374 ejus,
862 2311 966 2373 quam
992 2293 1028 2354 in
1055 2311 1111 2355 ca-

167 2389 294 2469 pellam
317 2389 410 2469 regis
427 2395 509 2453 ante
524 2409 562 2452 se
578 2389 660 2454 fecit
677 2390 813 2468 deferri,
829 2399 930 2454 extra
944 2391 1111 2472 capellam

168 2505 246 2550 cum
268 2506 371 2550 cruce
392 2488 523 2568 ejectus
546 2495 610 2552 est.
653 2488 835 2553 Venerunt
856 2497 972 2553 autem
985 2489 1112 2552 ibidem

168 2585 212 2648 ad
229 2605 347 2666 regem
363 2586 471 2666 legati
486 2586 652 2663 dicentes,
670 2580 691 2622 ¹‘
705 2586 864 2664 Carolus,
877 2607 992 2651 comes
1008 2588 1113 2651 Flan-

168 2683 313 2761 drensis,
330 2684 394 2748 tibi
411 2683 666 2762 dilectissimus,
680 2705 703 2749 a
718 2688 917 2766 proceribus
938 2688 1010 2749 suis
1032 2706 1112 2767 pro·

170 2783 300 2846 ditione
340 2781 489 2846 nefanda
522 2791 576 2846 est
613 2785 748 2848 occisus
784 2784 988 2877 in3‚templo
1021 2784 1113 2866 apud

171 2879 331 2961 Breges3
368 2887 404 2945 et
436 2901 499 2945 rex
535 2881 747 2946 Francorum
784 2883 878 2947 dedit
913 2882 1113 2947 comitatum

171 2977 348 3044 Willelmo
369 2979 440 3046 filio
459 2979 605 3043 Roberti
626 2979 744 3044 fratris
767 2982 830 3057 tui,
853 2982 970 3062 nepoti
995 2991 1056 3045 tuo
1079 2989 1115 3045 et

171 3077 322 3152 inimico,
354 3077 390 3139 in
427 3097 497 3159 quo
520 3078 595 3161 jam
622 3079 724 3142 valde
756 3080 938 3143 roboratus
969 3080 1114 3144 diversis

171 3175 381 3239 cruciatibus
408 3195 530 3242 omnes
554 3177 748 3259 proditores
779 3177 899 3242 Caroli
921 3175 1115 3241 interfecit!
1151 3253 1153 3260 y

172 3273 284 3356 Super
297 3272 352 3337 his
373 3275 491 3356 itaque
513 3295 576 3340 rex
594 3274 769 3340 Heni-icus
791 3277 893 3339 nimis
915 3277 1053 3352 anxius,
1073 3295 1114 3339 eo

172 3373 263 3455 quod
276 3379 369 3436 esset
375 3371 515 3455 juvenis
529 3373 588 3437 ille
603 3380 764 3438 strenuus
779 3375 865 3438 satis
882 3381 917 3436 θῖ
928 3374 1115 3450 animosuS,

172 3478 206 3535 et
229 3470 498 3536 comminaretur
518 3491 556 3534 so
578 3473 653 3552 regi
678 3471 833 3536 Henrico
856 3480 928 3537 tam
950 3469 1115 3552 Angliam

171 3589 274 3651 quam
289 3568 539 3634 Normanniam
556 3571 764 3647 ablaturum,
782 3571 954 3652 quaesibi,
970 3577 1010 3634 ut
1025 3571 1117 3634 dice·

171 3669 242 3744 bat,
260 3667 342 3750 jure
364 3667 581 3732 haereditario
603 3669 829 3734 debebantur.
880 3670 1010 3734 Eodem
1032 3676 1118 3734 tem-

173 3785 267 3846 pore,
290 3765 454 3830 defuncto
472 3766 661 3845 Richardo,
689 3767 924 3833 bondoniensi
943 3770 1118 3851 episcopo,

174 3857 389 3927 Gilebertus²
407 3864 624 3930 Universalis
645 3867 813 3932 successit
835 3873 871 3930 et
891 3887 913 3930 a
930 3867 1119 3943 Willclmo,

205 4018 214 4050 ¹
228 4013 353 4088 Goralua]
367 4020 474 4070 Obarles
487 4024 530 4072 tbe
548 4023 632 4085 (leod,
657 4025 842 4084 conspiratum
855 4023 917 4072 Rec.
926 4021 972 4071 des
984 4023 1054 4072 Hiet.
1063 4022 1119 4072 xiii.

174 4094 247 4140 count
257 4090 287 4139 of
300 4090 434 4153 Flanders,
444 4106 499 4141 was
515 4093 596 4142 killed
606 4093 632 4139 in
657 4109 683 4154 p.
696 4095 761 4151 ἕως
779 4092 832 4140 xiv.
845 4094 885 4140 18.
912 4126 917 4136 .

174 4158 214 4208 the
232 4159 329 4210 eburcb
347 4160 377 4210 of
396 4161 433 4212 St.
451 4161 590 4222 Donatiau,
606 4164 634 4210 at
691 4157 877 4222 meterem]
896 4158 938 4206 He
955 4157 1015 4206 died
1031 4173 1063 4206 on
1080 4157 1120 4208 bis

176 4227 281 4291 Bruges,
299 4228 343 4278 the
364 4231 415 4282 tud
437 4229 466 4278 ol
481 4229 581 4292 March,
599 4229 631 4288 by
657 4239 716 4289 way
727 4232 753 4278 to
770 4228 859 4291 Rome,
876 4227 935 4277 loth
951 4227 1021 4287 Aug.
1038 4229 1121 4286 11843

176 4295 306 4346 Burcbard
316 4312 366 4346 rau
383 4299 483 4347 straten
500 4298 550 4348 and
561 4297 633 4346 other
658 4296 726 4346 Anu.
737 4297 850 4348 Winton.
