3104 5186
369 526 509 575 rnonns
533 523 804 572 rrrsronmnuu.
1018 505 1063 570 97

126 687 229 746 essent
249 682 455 766 interrogati
468 683 551 766 quid
569 683 635 748 sibi
652 681 757 748 vellet
773 679 855 745 talis
875 700 984 746 cunae
1001 702 1062 767 ap·
1075 693 1199 795 agm-

126 789 269 862 paratus,
282 783 438 849 dicerent
454 784 505 847 sic
521 801 597 846 esse
617 783 806 858 decretam,
829 789 869 846 ut
890 791 1063 866 quotquot
1074 793 1225 836 thom*

126 899 165 942 ex
176 881 328 946 hostibus
342 882 504 964 deinceps
519 883 563 946 ab
577 900 695 946 eorum
710 880 989 963 exploratoribus
1006 903 1065 948 ca-

127 984 289 1060 perentur,
308 1002 429 1047 omnes
446 983 483 1046 in
502 981 655 1065 prandiis
673 981 869 1064 principum
891 989 927 1046 et
943 984 1064 1066 populi

126 1080 216 1144 modo
229 1081 335 1145 simili
345 1087 638 1146 consumerentur.
672 1077 865 1146 Audientes
877 1088 995 1146 autem
1004 1084 1065 1165 qui

126 1175 157 1242 in
175 1181 395 1262 expeditione
416 1187 517 1246 erant
539 1188 611 1246 tam
636 1179 838 1246 admirabile
858 1178 1001 1257 iactum,
1029 1190 1066 1247 et

126 1279 206 1358 quod
219 1279 256 1342 in
270 1282 397 1346 castris
410 1281 539 1346 domini
556 1278 752 1344 Boamundi
766 1277 852 1342 talia
867 1287 1065 1361 agerentur,

126 1388 337 1444 accurrerunt
348 1380 510 1457 universi,
522 1386 558 1444 et
571 1379 623 1443 rei
636 1377 827 1444 novitatem
840 1377 1064 1458 admirantes,

127 1476 178 1556 qui
198 1477 384 1544 adfuerunt
410 1479 661 1563 exploratores,
693 1483 807 1540 totum
836 1477 927 1542 serio
956 1477 1063 1544 luisse

125 1573 242 1640 factum
256 1585 295 1642 et
311 1579 445 1660 absque
466 1576 684 1644 simulatione
705 1575 916 1656 credebant3
941 1577 1064 1643 timen-

126 1680 170 1737 tes
187 1677 308 1760 itaque
329 1696 373 1740 ne
395 1677 476 1760 quid
500 1677 566 1741 sibi
587 1677 699 1742 simile
718 1673 901 1752 accideret,
921 1675 964 1740 de
985 1695 1065 1742 cas-

126 1773 180 1837 tris
202 1775 322 1840 furtim
345 1778 477 1857 egressi
498 1777 542 1842 ad
565 1776 706 1859 propria
727 1780 810 1838 sunt
831 1777 960 1839 reversi
982 1777 1064 1856 illis,

125 1873 177 1953 qui
204 1894 265 1939 eos
297 1875 476 1953 miserant,
506 1875 670 1952 dicantes,
700 1873 793 1958 quod
820 1873 970 1956 populus
997 1876 1065 1942 iste

124 1973 267 2039 omnium
293 1974 445 2039 serarum
472 1973 680 2040 silvestrium
710 1971 858 2040 excedat
880 1973 1078 2054 saevitiam,-

123 2073 172 2136 cui
186 2093 257 2138 non
274 2071 426 2138 sufficiat
439 2072 504 2138 sibi
519 2075 620 2138 urbes
641 2081 678 2138 et
699 2069 844 2138 castella
865 2071 1064 2155 subjugare,

123 2171 346 2237 omnimodam
376 2172 526 2237 hostium
556 2173 789 2238 substantiam
819 2170 978 2253 diripere,
1007 2175 1064 2238 vel

122 2268 269 2336 homines
291 2272 450 2354 captivos
471 2271 711 2336 inclementius
731 2280 892 2353 torquere
916 2278 952 2335 et
974 2274 1065 2337 occi·

123 2369 208 2446 dere,
229 2370 298 2434 nisi
320 2371 461 2454 insuper
480 2377 516 2435 et
537 2369 580 2435 de
597 2372 758 2435 carnibus
774 2388 893 2435 eorum
909 2377 1064 2437 ventrem

124 2487 218 2534 suum
240 2469 387 2551 impleat
414 2477 450 2535 et
477 2469 694 2534 inimicorum
727 2470 897 2552 sanguine
928 2471 1066 2552 sagine-

124 2573 185 2633 tur.
235 2569 337 2634 Exiit
368 2589 451 2652 ergo
477 2588 591 2634 sermo
614 2570 680 2634 iste
702 2570 747 2634 ad
773 2576 892 2654 partes
923 2571 1066 2636 orientis

123 2667 330 2744 remotiores,
352 2676 388 2733 et
409 2669 512 2751 longe
533 2669 667 2750 positas
687 2670 873 2752 perterruit
896 2669 1066 2748 nationes,

119 2765 240 2831 civitas
254 2786 394 2849 quoque
404 2766 625 2832 Antiocheno
641 2776 716 2833 tota
732 2769 951 2843 contremuit,
963 2767 1066 2852 hujus

124 2863 200 2930 sacti
216 2866 402 2948 perterrita
427 2867 603 2947 novitate;
627 2867 701 2932 haee
727 2868 873 2932 contulit
889 2867 986 2930 Deus
1003 2887 1067 2951 po·

123 2964 200 3044 pulo
231 2983 297 3028 suo
329 2983 392 3056 per
417 2964 570 3029 studium
594 2974 630 3031 et
656 2985 796 3049 operam
824 2965 953 3030 domini
975 2966 1069 3030 Bou„

124 3064 249 3140 mundi,
266 3070 302 3129 et
316 3083 378 3146 per
392 3063 458 3128 hoe
480 3065 741 3147 exploratorum
763 3066 873 3148 pestis
891 3059 947 3130 ¹in
968 3071 1068 3150 parte

123 3162 263 3242 quievit.
784 3181 787 3188 ’
923 3183 925 3190 ·

123 3335 168 3402 De
195 3335 435 3404 ammonete
456 3304 553 3403 doen
570 3337 736 3423 Godcfridi
757 3337 797 3406 ab
821 3340 1014 3424 infirmitate,
1043 3349 1071 3408 et

431 3436 627 3524 maledicis
641 3459 748 3504 eausa

168 3557 331 3623 Surrexit
343 3566 513 3642 praeterea
528 3561 565 3624 in
583 3561 738 3628 exercitu
754 3563 877 3644 iugens
890 3561 1014 3627 laetitia
1028 3560 1071 3624 de
1083 3570 1190 3662 graffio

125 3658 401 3723 convalescentia
429 3659 529 3723 ducis
559 3657 753 3738 Godesridi,
787 3661 847 3743 qni
878 3661 923 3724 do
954 3660 1072 3726 valida
1083 3673 1181 3722 flumi-

125 3756 335 3836 agritudinis
349 3758 510 3822 molestia
525 3759 628 3841 plene
642 3761 824 3824 restitutus
840 3765 894 3822 est
907 3757 1070 3840 sanitati;

125 3863 298 3936 receperat
333 3876 486 3939 namque
521 3857 615 3941 apud
645 3856 868 3922 Antiochiam
905 3858 1072 3922 minorem

156 4089 165 4120 ¹
181 4093 213 4140 la
225 4089 421 4161 mauretania]
439 4096 582 4145 wendover
614 4095 675 4144 hadi
691 4100 717 4144 to
733 4096 776 4145 the
793 4110 866 4156 camp
882 4094 912 4143 os
924 4095 967 4143 dre
979 4093 1072 4144 Crura·

124 4159 168 4208 lus
195 4161 255 4211 here
281 4163 386 4212 omitted
408 4165 451 4213 tha
473 4169 582 4215 nocuum
614 4165 682 4215 ders.
724 4165 848 4226 Compare
870 4164 943 4214 Will.
963 4163 1024 4222 Tyr.
1046 4177 1073 4224 p.

126 4231 406 4292 pveubyWilliamol
418 4234 525 4296 Tyreol
538 4235 581 4284 the
614 4238 673 4297 996,
691 4234 754 4283 with
776 4235 879 4284 Robert.
898 4231 1019 4281 Monach.
1047 4246 1073 4292 p.

126 4299 582 4366 embassysentbytlreealiphMost-
615 4309 656 4355 51.

173 4389 251 4438 von.
275 4391 312 4437 11.
861 4456 865 4462 ι
899 4391 924 4435 rr
