3190 5202
428 565 567 612 inuans
590 565 861 614 rnsroarnnuu.
1083 550 1127 614 59

173 723 347 788 mobiliter
356 721 464 798 fusas,
475 741 579 804 super
588 722 664 806 ejus
673 722 809 806 injuriis
820 729 855 787 et
865 723 1126 804 [in]effabilibus
1139 737 1289 838 pfflggffi

172 821 400 886 detrimentis
453 820 541 885 Post
557 822 693 903 lapsum
711 823 925 902 angelorum,
942 841 1019 904 cum
1035 824 1124 887 idem
1139 849 1230 880 remon·

174 921 273 986 Deus
287 921 452 984 mundum
465 927 628 997 creasset,
643 921 680 983 in
697 922 807 984 tribus
818 922 892 1004 jam
910 924 1078 1004 partibus,
1090 923 1126 986 id

176 1026 242 1096 est,
263 1019 398 1096 Asiam,
421 1018 576 1083 Africam
599 1027 633 1083 et
657 1021 831 1103 Europam
856 1021 1067 1098 distinctum,
1092 1029 1127 1086 et

176 1118 332 1186 homines
347 1118 391 1183 ad
408 1120 661 1200 reparationem
680 1119 882 1189 damnorum
903 1121 1125 1202 supercaeles-

177 1219 264 1282 tium
286 1219 322 1282 in
340 1219 389 1282 eis
412 1218 660 1296 constituisset,
678 1226 718 1280 ut
740 1219 805 1282 sibi
822 1218 1029 1283 famulantes
1056 1221 1127 1284 dic·

177 1323 232 1380 tas
260 1317 379 1380 mundi
402 1324 618 1400 partescum
641 1318 810 1380 creaturis
838 1319 1022 1396 universis,
1046 1319 1127 1382 dum

177 1417 346 1493 viverent,
374 1416 600 1498 possiderent,
626 1423 662 1480 et
690 1423 770 1498 post
798 1425 943 1482 mortem
974 1419 1128 1482 caelestia

177 1515 252 1580 sine
270 1515 336 1580 fine
359 1517 537 1596 regnaturi
562 1516 843 1592 conscenderent,
865 1517 902 1579 in
922 1517 1019 1581 brevi
1041 1524 1127 1581 tem·

176 1615 271 1695 poris
289 1613 436 1678 decursu
451 1634 551 1678 omne
572 1633 682 1696 genus
702 1614 889 1680 humanum
908 1635 929 1678 a
944 1617 1127 1699 praeceptis
1216 1633 1222 1646 ·

178 1712 303 1778 divinis
317 1733 379 1795 per
395 1713 660 1778 inobedientiam
678 1721 713 1777 et
729 1713 931 1778 delictorum
948 1716 1127 1779 abundan-

179 1812 264 1876 tiam
286 1832 309 1876 a
328 1813 405 1876 Deo
427 1813 585 1890 descivit,
608 1819 648 1876 ut
666 1814 757 1877 inter
781 1813 936 1877 homines
954 1816 1014 1878 vix
1037 1822 1128 1879 esset

176 1911 340 1976 inventus
372 1912 431 1994 qui
460 1912 589 1976 faceret
621 1913 762 1989 bonum,
785 1932 848 1975 nec
872 1913 995 1977 saltem
1019 1934 1129 1996 usque

176 2009 366 2077 adunam.
419 2011 509 2074 Ecce
540 2012 631 2074 enim
659 2011 779 2074 mundi
806 2012 954 2077 latitudo
982 2014 1128 2095 paganis

179 2109 375 2173 infidelibus
401 2110 588 2174 Dominum
615 2110 935 2192 blasphemantibus
967 2120 1003 2174 et
1032 2113 1130 2192 ligna

178 2207 381 2290 lapidesque
399 2209 591 2274 colentibus
608 2209 713 2292 plena
729 2216 852 2286 scatet,
872 2211 923 2274 ita
938 2209 1075 2292 quidem
1090 2220 1130 2275 ut

176 2307 250 2390 jam
267 2308 303 2372 in
317 2309 482 2390 pudorem
498 2327 699 2390 paucorum,
717 2307 777 2390 qui
799 2308 910 2372 adhuc
933 2318 1130 2391 supersunt,

182 2405 469 2484 Christianorum,
501 2407 636 2492 Syriam
666 2405 946 2489 Armeniumque,
977 2427 1018 2471 ac
1049 2428 1130 2490 pos-

178 2513 290 2587 ²⁴tremo
307 2504 429 2570 Asiam
445 2506 629 2583 Minorem,
647 2506 746 2589 cujus
764 2507 951 2588 provinciae
970 2515 1051 2572 sunt
1069 2509 1130 2572 Bi-

176 2604 306 2682 -thinia,
316 2605 484 2688 Phrygia,
494 2604 648 2682 Galatia,
659 2605 782 2688 Lydia,
795 2605 910 2681 Caria,
921 2606 1130 2688 Pamphilio,

182 2704 348 2781 Ysauria,
372 2704 481 2787 Lycia
506 2711 541 2768 et
563 2703 696 2781 Cilicia,
720 2712 944 2786 occuparunt.
997 2705 1056 2769 Illi
1077 2707 1129 2770 in-

181 2821 286 2884 super
302 2805 447 2867 alteram
464 2802 598 2880 Asiam,
616 2805 650 2867 id
666 2811 731 2881 est,
750 2805 888 2869 tertiam
910 2804 1027 2868 mundi
1050 2825 1130 2887 par·

183 2910 264 2978 tem,
283 2904 383 2985 quasi
403 2904 520 2966 nidum
540 2903 737 2967 inhabitant
755 2905 1023 2982 haereditarium,
1039 2925 1130 2988 quae,

174 3019 204 3069 a
219 3002 408 3084 majoribus
431 3003 571 3080 nostris,
588 3003 722 3066 duabus
738 3003 883 3067 residuis
907 3023 1008 3086 aequa
1022 3006 1130 3087 parti-

181 3101 258 3178 bus,
269 3106 303 3164 et
312 3108 484 3165 tractuum
494 3102 710 3182 longitudine
722 3111 757 3166 et
765 3103 1020 3185 provinciarum
1032 3123 1130 3184 mag·

178 3200 352 3276 nitudine,
368 3209 486 3264 exstat
503 3221 572 3266 non
587 3202 757 3266 immerito
772 3203 956 3279 aestimata,
973 3203 1030 3264 ubi
1048 3203 1130 3266 olim

183 3299 333 3380 apostoli
347 3319 476 3377 omnes
491 3309 617 3383 praeter
628 3302 728 3378 duos,
741 3309 869 3366 mortes
884 3320 965 3364 suas
981 3302 1131 3366 Domino

183 3407 448 3478 consecrarunt3
472 3401 520 3463 ibi
542 3401 644 3464 modo
663 3401 864 3477 Christiani,
881 3401 988 3482 siqui
1010 3420 1131 3482 super·

184 3505 277 3569 sunt,
298 3497 456 3562 nefandis
477 3500 547 3562 illis
570 3498 722 3581 vectigal
746 3499 897 3562 solvunt.
950 3499 1019 3575 Illi,
1045 3500 1131 3581 proh

183 3596 282 3659 dolor
296 3598 303 3660 l
330 3595 497 3676 Africam,
513 3600 656 3662 alteram
673 3598 765 3662 orbis
788 3604 934 3679 partem,
951 3590 1131 3662 ¹trecentis

174 3695 252 3778 ¹jam
278 3697 379 3759 annis
404 3704 439 3764 et
461 3719 501 3762 eo
525 3700 672 3781 amplius
699 3697 802 3759 armis
826 3715 1022 3778 possessam
1044 3697 1131 3761 deti·

184 3801 281 3870 nent,
295 3814 373 3876 quae
389 3797 518 3859 dudum
531 3805 624 3861 terra
636 3797 879 3878 praeclarorum
898 3797 1016 3860 nutrix
1036 3797 1133 3878 inge-

184 3894 333 3970 niorum,
348 3915 426 3977 quae
443 3896 479 3958 in
494 3895 603 3960 literis
617 3897 742 3961 divinis
764 3916 898 3961 omnem
915 3915 936 3958 a
952 3915 989 3958 se
1012 3896 1133 3960 infide·

183 3992 294 4055 litatis
322 4013 469 4057 errorem
496 3995 652 4072 detersit,
677 4004 716 4058 ut
747 4003 884 4059 constat
912 3996 1045 4058 cunctis
1073 3997 1133 4078 qui

183 4090 304 4154 literas
337 4102 465 4157 norunt
489 4094 646 4158 Latinas.
691 4093 849 4156 Tertium
881 4095 999 4158 mundi
1032 4095 1133 4158 clima

423 4339 430 4367 ¹
445 4337 590 4410 Trecentis]
608 4343 616 4369 ‘
624 4338 765 4415 Ducentis‚'
779 4343 899 4392 Malmsb.
