3190 5202
454 542 498 606 12
707 555 842 604 uocum
865 556 913 602 ns
936 555 1143 602 wnuoovna

288 731 412 772 annm
454 719 561 789 runt;
594 719 642 786 st,
671 710 725 772 his
755 710 870 784 dictis,
898 709 1013 790 imago
1040 709 1195 774 defuncti
1226 710 1408 792 disparuit.

290 782 383 830 Μ
454 809 554 873 Tunc
572 809 705 885 vivens,
725 810 826 872 bonis
844 809 917 871 suis
934 809 1093 872 omnibus
1112 829 1174 891 per
1190 809 1355 874 ecclesias
1373 819 1409 876 et

454 927 581 988 egenos
615 908 821 984 distributis,
852 917 1012 972 sanctum
1044 907 1224 972 Melanum
1255 909 1343 974 adiit
1373 917 1409 974 et

453 1007 609 1072 habitum
626 1008 796 1085 mutavit;
819 1027 939 1070 omnes
962 1007 1143 1070 audientes
1165 1007 1355 1072 admonens
1373 1015 1408 1072 et

453 1107 610 1172 videntes
634 1107 677 1170 de
700 1107 817 1169 subita
838 1105 1062 1169 conversione
1090 1125 1155 1170 sua
1180 1116 1220 1171 ut
1242 1107 1407 1183 dicerent,

453 1211 463 1238 ‘
479 1205 570 1269 Haec
585 1213 641 1269 est
655 1205 803 1268 mutatio
817 1204 972 1268 dexterae
991 1204 1156 1268 Excolat!

484 1376 535 1438 De
551 1373 749 1438 ventilatione
765 1395 864 1438 eausa
878 1373 959 1438 lotor
972 1375 1112 1438 acclamo
1129 1375 1383 1440 dammam

793 1483 823 1536 et
836 1471 1067 1537 Elorucensem.

290 1619 394 1662 αωαῑω
403 1619 426 1659 a
504 1596 636 1660 Eodem
652 1616 744 1660 anno
756 1590 865 1679 ¹apud
878 1596 1157 1662 windleshoram
1173 1617 1218 1660 ex
1233 1606 1408 1678 praecepto

290 1669 434 1808 &unffi
454 1693 650 1809 'Alexandri
665 1716 779 1777 papae,
798 1716 880 1776 rege
901 1697 1007 1759 etiam
1024 1696 1201 1760 Willelmo
1223 1703 1408 1772 annuente,

290 1819 378 1907 gloz„
386 1819 429 1858 ‚aa
453 1815 489 1858 in
516 1796 703 1876 praesentia
727 1794 879 1858 Huberti
903 1794 1073 1860 Romanae
1105 1795 1259 1858 ecclesiae
1287 1795 1408 1876 legati,

454 1894 625 1957 ventilata
646 1902 700 1957 est
722 1913 828 1956 causa
847 1894 890 1957 de
909 1895 1061 1975 primatu
1083 1895 1237 1958 ecclesiae
1253 1893 1407 1958 Cantua·

453 1994 578 2056 riensis
600 2012 705 2074 super
723 1992 904 2056 ecclesiam
922 1992 1187 2056 Eboracensem.
1241 1993 1311 2055 Ubi
1327 2000 1405 2056 tan-

454 2092 532 2154 dem
548 2092 768 2174 antiquarum
785 2092 1051 2155 auctoritatibus
1067 2093 1315 2172 scripturarum
1330 2110 1409 2172 pro-

452 2191 572 2254 batum
595 2200 649 2255 est
668 2198 705 2254 et
726 2199 916 2266 ostensum,
934 2190 1027 2272 quod
1051 2190 1279 2252 Eboracensis
1301 2191 1407 2253 eccle·

453 2291 506 2354 sia
522 2291 646 2354 debeat
662 2289 841 2372 subjacere
859 2289 1014 2353 ecclesiae
1027 2287 1284 2364 Cantuariensi,
1300 2296 1335 2352 et
1351 2290 1404 2370 ip·

454 2390 528 2452 sius
552 2388 814 2469 archiepiscopi,
833 2395 874 2450 ut
895 2389 1054 2469 primatis
1080 2388 1188 2451 totius
1204 2388 1407 2464 Britanniae,

454 2487 737 2568 dispositionibus
759 2487 796 2548 in
818 2488 976 2550 omnihus
1003 2506 1082 2569 quae
1105 2487 1149 2550 ad
1175 2484 1407 2550 Christianam

454 2586 629 2667 pertinent
653 2586 855 2666 religionem
875 2585 1022 2648 fideliter
1042 2586 1202 2662 obedire3
1231 2585 1283 2648 ita
1303 2585 1408 2667 quod,

456 2685 488 2746 si
509 2684 787 2766 archiepiscopus
804 2684 1065 2749 Cantuariensis
1085 2684 1268 2747 concilium
1285 2703 1408 2764 cogere

455 2783 604 2848 voluerit
625 2785 819 2866 ubicunque
842 2783 908 2847 sibi
930 2784 1014 2846 utile
1038 2783 1152 2846 visum
1173 2783 1289 2859 fuerit,
1318 2783 1409 2846 Ebo-

457 2883 608 2946 recensis
624 2883 915 2964 archiepiscopus
932 2902 1012 2945 cum
1026 2881 1184 2945 omuibus
1199 2881 1271 2944 suis
1284 2882 1407 2944 suffra-

457 2983 576 3062 ganeis
597 2990 633 3045 et
654 2982 820 3064 subjectis
836 2982 982 3057 clericis,
1000 2981 1055 3044 sui
1072 2982 1293 3062 praesentiam
1308 2981 1407 3044 exhi-

455 3081 537 3143 beat
567 3080 711 3163 ejusque
734 3080 911 3143 canonicis
934 3079 1219 3160 dispositionibus
1242 3080 1405 3142 obediens

457 3180 597 3241 existat.
655 3179 935 3242 Benedictionem
966 3180 1070 3240 etiam
1103 3177 1333 3259 episcopalem
1363 3178 1407 3240 ab

457 3278 535 3358 ipso
561 3278 664 3339 debet
691 3278 859 3357 accipere,
882 3284 917 3339 et
941 3277 973 3339 ei
996 3277 1196 3340 canonicam
1223 3276 1408 3357 professio-

458 3395 549 3451 nem,
578 3374 696 3438 addito
718 3374 929 3456 juramento,
951 3384 1129 3455 praestare.
1183 3374 1278 3438 Huic
1301 3377 1409 3456 igitur

457 3473 696 3536 constitutioni
721 3481 969 3536 consenserunt
990 3494 1053 3536 rex
1076 3474 1243 3555 praefatus
1265 3480 1301 3536 et
1318 3474 1408 3537 Lan·

456 3573 596 3635 francus
624 3572 902 3654 archiepiscopus
918 3572 1179 3636 Cantuariensis
1202 3580 1237 3635 et
1255 3573 1407 3636 Thomas

456 3671 735 3754 archiepiscopus
752 3672 990 3748 Eboracensis,
1008 3691 1083 3735 cum
1110 3671 1277 3754 praedicto
1298 3672 1407 3734 cardi-

458 3770 528 3834 nali
545 3777 580 3834 et
595 3772 754 3834 omnibus
771 3771 941 3852 episcopis
956 3777 992 3834 et
1008 3771 1192 3833 abbatibus
1208 3771 1318 3851 regni.

535 3941 623 4022 Quod
636 3964 689 4005 reo
711 3940 883 4005 Wlllelmus
900 3942 1136 4006 Cenomanorum
1151 3940 1336 4027 subjugavit.

296 4081 351 4121 M>-
362 4079 418 4121 ¹⁰⁷³·
507 4065 610 4130 Anno
629 4065 769 4129 Domini
787 4080 1034 4128 unxx111.rex
1049 4066 1247 4130 Willelmus
1261 4067 1298 4128 in
1314 4064 1407 4128 Nor-

493 4236 586 4301 ¹Apud
610 4238 836 4301 Windleslwrom.]
864 4240 917 4289 The
945 4242 1046 4301 printed
1064 4243 1090 4290 in
1102 4242 1223 4304 wilkins,
1236 4241 1334 4290 Concil.
1346 4241 1364 4289 i.
1381 4255 1408 4299 p.

455 4309 623 4370 proceedings
641 4309 670 4356 of
684 4307 735 4355 this
757 4311 857 4358 council
875 4325 917 4358 are
944 4314 1001 4360 324.
