3190 5202
477 533 499 593 4
731 545 866 592 uocatu
890 545 937 592 nu
961 544 1168 592 warnovnn

315 719 370 760 nn.
383 719 439 760 10⁶⁷.
478 701 648 766 vomicam
664 701 851 766 irritantes.
903 702 1142 768 Veruntamen
1164 701 1238 764 haec
1251 701 1344 764 mala
1357 719 1426 764 non

479 800 522 864 de
547 803 704 864 omnibus
730 802 825 865 dicta
850 802 1037 882 intelligas,
1061 821 1139 865 cum
1165 799 1293 864 multos
1315 799 1426 863 omnis

479 900 687 963 conditionis
706 900 860 964 homines
878 909 914 964 et
930 900 1110 981 dignitatis
1133 900 1170 962 in
1185 899 1304 962 eadem
1323 905 1426 980 genta

479 1006 614 1062 constet
628 1000 780 1063 Domino
797 1000 981 1081 placuisse.

528 1170 668 1249 Qualiter
683 1192 736 1233 rea·
759 1170 931 1235 Willelmoa
947 1171 1104 1234 Eretriam
1121 1169 1234 1234 obsedit
1249 1177 1278 1232 et
1292 1167 1381 1252 cepit.

530 1293 660 1357 Eodem
692 1301 847 1374 tempore
879 1313 942 1358 rex
967 1294 1163 1358 Willelmus
1188 1287 1325 1358 ¹urbem
1357 1290 1429 1352 Ex·

480 1392 594 1456 oniam
619 1391 686 1455 sibi
708 1393 868 1456 rebellem
896 1393 1075 1456 obsidione
1095 1392 1251 1468 vallavit,
1274 1391 1334 1454 ubi
1351 1390 1428 1470 qui·

479 1492 558 1553 dam
575 1498 671 1554 stans
686 1491 815 1555 nudato
829 1492 971 1573 inguine
994 1493 1110 1555 sonitu
1132 1491 1241 1572 partis
1256 1487 1427 1552 inferioris

479 1608 582 1652 auras
599 1591 764 1667 turbavit,
782 1591 817 1652 in
829 1597 1064 1672 contemptum
1080 1590 1241 1654 videlicet
1255 1587 1429 1652 Norman·

479 1708 622 1767 norum;
654 1689 744 1754 unde
772 1689 969 1753 Willelmus
996 1690 1033 1751 in
1054 1690 1141 1752 iram
1163 1705 1349 1752 conversus
1377 1686 1426 1748 ci-

480 1788 623 1851 vitatem
645 1788 713 1850 levi
733 1789 873 1867 negotio
897 1789 1118 1872 subjugavit;
1142 1786 1264 1850 deinde
1278 1779 1424 1848 ²Eb0ra·

481 1905 558 1948 cum
584 1893 717 1967 petens,
740 1906 818 1949 eam
842 1887 979 1968 penitus
1007 1887 1146 1963 delevit,
1170 1886 1302 1949 civibus
1326 1881 1425 1946 flam-

480 2002 538 2046 ma
561 1984 719 2066 ferroque
744 1986 886 2048 necatis,
939 1985 1010 2063 Qui
1035 1992 1150 2048 autem
1173 1985 1218 2047 ab
1240 1983 1304 2046 hac
1328 1981 1426 2044 clade

480 2083 625 2147 evadere
640 2091 838 2164 potuerunt,
855 2085 900 2148 ad
917 2104 1032 2165 regem
1051 2083 1274 2147 Malcolmum
1289 2083 1324 2143 in
1341 2080 1426 2143 Sco·
1477 2147 1479 2154 y

478 2181 563 2244 tiam
574 2182 815 2264 confugerunt,
830 2183 890 2263 qui
912 2202 1031 2246 omnes
1046 2180 1237 2263 Anglorum
1260 2179 1426 2262 profugas
1463 2199 1469 2211 ·

479 2280 625 2345 libenter
653 2281 852 2361 recipiebat,
881 2289 917 2344 et
942 2281 1088 2361 singulis
1116 2286 1359 2354 tutamentum,
1389 2276 1425 2338 in

479 2387 649 2458 quantum
676 2385 825 2459 poterat,
852 2378 1083 2460 impendebat,
1107 2386 1249 2460 propter
1273 2395 1425 2440 sororem

479 2475 632 2556 Eadgari
655 2477 905 2556 Margaretam‚
928 2497 1032 2558 quam
1059 2477 1124 2539 sibi
1150 2477 1280 2539 fecerat
1305 2475 1425 2557 conju·

479 2574 612 2654 galam
636 2575 736 2658 cujus
753 2593 859 2639 causa
882 2576 1110 2640 conterminas
1124 2574 1263 2656 Angliae
1286 2573 1425 2654 provin·

478 2673 550 2735 cias
567 2674 697 2755 rapinis
720 2681 756 2735 et
768 2674 934 2737 incendiis
956 2674 1151 2737 infestabat.
1205 2673 1426 2754 Quapropter

479 2789 542 2834 rex
558 2772 767 2848 Willelmus,
782 2779 903 2835 coacta
916 2773 1064 2835 militum
1081 2779 1116 2834 et
1130 2773 1284 2853 peditum
1308 2770 1426 2834 multi-

479 2870 598 2933 tudine
629 2870 782 2951 copiosa,
808 2871 1021 2952 aquilonales
1049 2869 1189 2951 Angliae
1217 2876 1333 2952 partes
1365 2887 1426 2950 pe·

479 2974 569 3044 tens,
583 2969 690 3032 totius
708 2969 859 3049 regionis
873 2971 988 3045 urbeS,
1002 2971 1109 3046 vicos
1127 2988 1230 3050 agros
1248 2977 1283 3031 et
1297 2968 1425 3050 oppida

479 3067 610 3130 conteri
636 3075 671 3131 et
687 3066 804 3149 fruges
819 3062 934 3151 ³jubet
950 3070 1029 3148 igne
1051 3069 1229 3145 consumi;
1251 3067 1425 3130 maritima

478 3166 641 3240 maxime,
665 3185 743 3228 cum
768 3175 910 3248 propter
933 3173 1104 3232 recentem
1129 3166 1228 3241 iram,
1245 3173 1319 3228 tum
1343 3166 1425 3246 quia

480 3260 673 3327 Cnutouem
692 3265 872 3328 Danorum
897 3284 1013 3346 regem
1030 3263 1218 3326 adventare
1234 3283 1350 3327 rumor
1367 3283 1423 3326 as-

479 3363 627 3438 serebat,
650 3369 689 3426 ut
714 3364 800 3426 nihil
828 3366 921 3427 circa
946 3362 1051 3425 maris
1082 3361 1289 3444 crepidinem
1307 3363 1424 3426 vitalis

478 3461 621 3523 subsidii
646 3463 764 3541 praedo
792 3462 960 3542 piraticus
986 3461 1164 3525 inveniret.
1218 3460 1425 3524 Malcolmus

477 3577 615 3640 quoque
639 3580 703 3622 rex
718 3561 762 3623 ad
784 3579 907 3622 manus
923 3559 1063 3623 veniens
1080 3559 1290 3623 deditionem·
1309 3560 1424 3623 cessit.

513 3809 521 3840 ¹
545 3810 634 3858 Urbem
667 3807 821 3868 Eccum]
858 3810 939 3870 Many
963 3811 1058 3872 lowing
1080 3824 1150 3870 year,
1173 3809 1308 3872 according
1335 3817 1360 3860 to
1382 3813 1424 3862 the

478 3879 554 3928 MSS.
562 3879 626 3926 heve
635 3879 642 3906 ‘
652 3877 796 3938 Oxoniam,'
806 3893 822 3926 a
833 3878 939 3940 reading
963 3880 1048 3928 Saron
1059 3879 1191 3927 Chronicla
1202 3879 1253 3926 and
1264 3879 1391 3932 Florence.

476 3947 561 3996 which
583 3962 671 4008 agrees
690 3947 752 3995 with
771 3962 788 3995 a
806 3951 939 3996 statement
998 3946 1293 4011 lachrimemus]
1304 3949 1425 3998 Theland

476 4016 661 4077 inDomesdcy
673 4016 756 4078 Book,
771 4017 826 4064 that
844 4021 871 4064 at
887 4018 938 4066 this
964 4017 1047 4066 which
1064 4019 1115 4065 had
1142 4017 1267 4079 belonged
1284 4022 1309 4064 to
1333 4018 1425 4066 Edwin

475 4086 535 4133 time
556 4083 654 4134 Oxsord
665 4099 720 4133 was
737 4085 813 4134 much
832 4087 937 4144 spoiled.
963 4087 1013 4134 and
1036 4087 1138 4137 Morcar
1165 4089 1191 4136 in
1218 4087 1261 4134 tha
1279 4086 1425 4148 Domesday

473 4155 776 4216 IntrodtoDomesday,
787 4171 813 4216 p.
827 4158 883 4204 194.
963 4157 1060 4216 Surrey
1084 4157 1107 4205 is
1141 4158 1232 4206 almost
1265 4156 1425 4218 everywhere

963 4225 1096 4273 described
1128 4238 1157 4272 as
1192 4219 1326 4274 ‘wasta’
1378 4226 1425 4274 See

510 4287 666 4340 'Eboracum
675 4296 760 4353 petens
767 4285 792 4358 ς]
805 4293 831 4340 in
842 4291 883 4339 the
892 4291 938 4340 iol·
964 4293 1083 4343 Malmsb.
1096 4308 1121 4353 p.
1134 4295 1191 4354 428,
1202 4297 1258 4340 note
1266 4291 1284 4340 ².
