3190 5202
437 545 576 595 enonas
600 546 870 600 ursrosmnuu.
1084 539 1128 603 63

175 702 294 768 Guido
317 701 361 767 de
378 702 581 782 Garlandia,
598 704 750 770 Thomas
774 707 817 770 dc
839 707 1278 790 Sprea,Galo·den.n.1a⁵.*

176 803 434 879 Calvo-monte,
446 804 643 886 Stephanus
660 825 775 869 comes
791 807 985 887 Blesensis3
1002 807 1037 870 hi
1053 829 1125 871 om-

175 921 237 966 nes
253 903 355 984 quasi
377 903 550 986 capitanei
567 909 602 967 et
617 905 790 987 principes
813 907 959 970 militum
982 915 1126 972 caetero·

176 1021 320 1083 rumque
343 1001 506 1079 fidelium,
535 1011 779 1086 exspectantes
804 1012 941 1086 tempus
963 1014 1127 1088 opportu-

176 1121 270 1176 num,
288 1120 365 1165 cum
384 1103 582 1183 ingentibus
606 1109 816 1166 armatorum
838 1106 947 1186 copiis
970 1105 1014 1168 ad
1038 1106 1127 1168 mili-

178 1200 263 1264 tiam
287 1200 521 1265 Christianam
549 1202 737 1282 praeparati
764 1209 874 1279 erant,
898 1212 933 1267 et
957 1222 995 1266 se
1020 1211 1127 1267 tantae

175 1300 464 1382 peregrinationis
483 1300 659 1364 laboribus
683 1301 807 1365 devote
831 1322 893 1383 pro
912 1301 1043 1366 Christi
1068 1322 1130 1366 no-

177 1399 267 1462 mine
281 1400 489 1481 mancipare.

243 1571 292 1634 Dc
308 1569 488 1634 revelatione
502 1571 597 1633 Patro
613 1569 776 1633 Heremias
782 1570 874 1654 facto
891 1570 1057 1656 denegatio

558 1668 747 1753 supradicto.

229 1790 420 1857 Animabat
457 1798 626 1874 praeterea
671 1811 740 1855 non
783 1792 1002 1857 mediocriter
1041 1793 1248 1860 honorande

181 1891 311 1957 Christi
333 1890 491 1954 militiam
523 1891 566 1954 ad
593 1891 794 1973 obsequium
810 1892 976 1955 'crucifixi
1003 1893 1128 1974 praedi·
1141 1871 1234 1911 Emit·

180 1991 272 2055 catio
294 1990 390 2054 Petri
407 1990 619 2068 Heremitae3
642 1990 785 2072 dequo,
807 1999 847 2054 ut
873 1993 1032 2068 arbitror,
1059 2013 1128 2056 non

180 2091 246 2154 erit
273 2089 397 2152 inutile
427 2089 456 2152 si
482 2090 635 2153 divinam
666 2089 912 2154 revelationem
940 2091 972 2152 ei
1000 2090 1127 2153 factam

182 2207 286 2271 super
312 2188 377 2251 hoc
409 2189 550 2269 negotio
581 2187 824 2269 ignorantibus
850 2189 1069 2258 intimavero¹
1085 2191 1129 2252 nd

180 2288 332 2352 historiae
363 2288 568 2352 claritatem.
619 2285 786 2350 Sacerdos
813 2287 964 2368 quidam,
986 2281 1129 2350 ¹Petrus

182 2389 320 2452 nomine
336 2395 371 2450 et
386 2387 554 2450 heremita
566 2386 791 2468 professione,
802 2386 844 2448 de
859 2405 966 2467 regno
980 2386 1131 2450 Franco-

181 2507 259 2550 rum
273 2485 450 2568 paulnlum
465 2492 546 2548 ante
561 2485 624 2549 hos
642 2486 728 2561 dieS,
744 2485 1030 2566 peregrinationis
1047 2495 1129 2548 voto

180 2593 326 2663 tractuS,
342 2584 623 2666 Hierosolymam
645 2585 814 2666 pervenit.
866 2585 937 2648 Hic
954 2584 1062 2667 juxta
1083 2584 1131 2647 le-

181 2704 272 2766 gem,
295 2684 501 2748 Christianis
525 2683 701 2748 civitatem
727 2689 883 2746 sanctam
908 2684 1043 2764 ingredi
1072 2703 1131 2748 vo-

182 2785 334 2848 lentibus
361 2803 383 2846 a
408 2783 589 2846 Saracenis
617 2783 842 2864 propositam,
873 2783 955 2845 dato
988 2782 1130 2858 tributo,

181 2884 301 2947 urbem
322 2882 501 2964 ingressus
518 2882 554 2944 in
577 2882 727 2963 hospitio
744 2881 923 2964 cujusdam
941 2879 1130 2945 Christiani

180 2987 363 3063 susceptus
386 2988 463 3060 est3
493 2998 604 3063 aquo
626 2980 668 3043 de
689 2981 815 3043 misera
839 2980 1034 3044 conditione
1056 2999 1130 3049 crea

181 3081 336 3144 dentium
351 3082 415 3144 suh
431 3086 605 3162 potestate
621 3099 835 3161 paganorum
852 3079 1130 3143 conversantium

183 3180 229 3244 ad
246 3180 385 3262 plenum
407 3179 562 3254 edoctus
576 3179 737 3260 quicquid
760 3179 969 3244 calamitatis
986 3177 1131 3254 audivit,

182 3278 252 3344 fide
267 3278 485 3360 postmodum
498 3278 637 3342 oculata
653 3279 844 3360 conspexit.
877 3276 1034 3343 Audiens
1049 3296 1131 3340 vero

183 3377 277 3460 qnod
299 3377 450 3454 Simeon,
466 3376 665 3458 patriarcha
686 3377 848 3455 civitatis,
867 3379 923 3441 vir
943 3375 1131 3446 essetreli-

183 3477 304 3558 giosus
333 3484 369 3540 et
396 3477 520 3540 timens
544 3476 671 3549 Deum,
697 3475 844 3538 accessit
874 3477 917 3538 ad
945 3477 1071 3556 ipsum,
1097 3481 1132 3538 et

183 3576 314 3638 mutuis
338 3582 419 3640 sunt
444 3573 780 3640 confabulationibus
804 3575 973 3651 recreati;
1008 3580 1045 3636 at
1070 3591 1132 3654 pa-

183 3675 336 3738 triarcha
353 3695 397 3738 ex
412 3675 527 3738 verbis
543 3673 640 3737 Petri
663 3673 841 3753 colligens,
856 3672 948 3752 quod
966 3671 1020 3735 vir
1036 3677 1131 3734 esset

183 3774 464 3855 circumspectus,
492 3772 695 3836 familiarius
722 3772 829 3853 coepit
861 3789 1034 3851 exponere
1059 3771 1132 3831 uni-

183 3891 297 3950 versa,
320 3892 397 3953 quae
420 3872 587 3953 populum
606 3871 676 3935 Dei
695 3871 731 3932 in
754 3871 896 3936 civitate
919 3887 1133 3932 commoran-

220 4103 333 4154 ¹Petrus
350 4103 444 4150 aoniae
465 4106 490 4150 et
507 4101 645 4164 heremita]
669 4105 695 4148 te
704 4101 785 4149 fluens
795 4101 819 4148 ei
830 4099 973 4148 nondeerat
983 4091 1136 4159 eloquium;’

184 4172 647 4234 ‘Pusilluapersonacontemptibilis,
671 4171 791 4220 willelm.
812 4170 873 4230 Tyr.
891 4169 962 4229 apud
981 4167 1055 4220 Gest.
1073 4168 1134 4232 Dei,

183 4244 280 4293 vivacis
295 4242 391 4304 ingenii
402 4247 428 4288 ot
438 4241 541 4290 oculum
552 4241 647 4289 habeus
671 4255 698 4300 p.
709 4243 767 4289 637.

185 4314 357 4375 perspicacem
369 4314 528 4373 gratumque,
538 4314 563 4358 et
573 4324 648 4370 spon·
