3144 5180
420 559 560 609 neonus
583 561 851 612 rusronmauu.
1046 547 1109 612 341

145 717 212 779 vel
245 738 359 801 pauca
389 719 515 784 referre
543 721 638 795 libet,
671 719 832 802 quoniam
857 720 1019 804 injuriam
1045 719 1109 786 boc
1122 736 1245 828 ⁵n⁰0i¹⁷⁰
1307 701 1310 708 ¹

144 824 252 880 esset
284 817 399 882 facere
432 826 566 896 sancto,
595 819 670 903 ejus
702 837 808 901 opera
838 827 910 883 tam
941 787 1234 903 praeclararum

144 917 222 978 sub
240 917 379 981 silentio
396 918 587 1000 praeterire:
635 916 780 982 Amicus
799 919 867 983 Dei
882 919 1082 984 Godricus
1073 941 1109 984 ru

142 1034 250 1096 pago
266 1015 546 1092 Nortbfolkeusi,
565 1024 664 1099 patre
681 1015 872 1094 Ailwardo,
889 1025 999 1082 matre
1017 1019 1110 1082 Ead-

144 1135 293 1192 wenna‚
315 1123 515 1196 generatus,
533 1116 629 1193 villa,
652 1136 730 1199 quac
747 1116 909 1198 Walepol
930 1136 1109 1199 nuncupo·

145 1220 226 1290 tur,
235 1233 258 1277 a
273 1215 450 1296 praedictis
465 1217 666 1296 parentibus
681 1215 848 1280 educatus
861 1221 915 1280 est
933 1223 968 1280 et
983 1217 1109 1280 ibidem

146 1331 235 1375 cum
258 1313 309 1376 eis
330 1313 542 1396 aliquamdiu
560 1321 809 1393 conversatus;
835 1314 905 1390 ubi,
925 1315 1109 1394 puerilibus

149 1412 261 1475 annis
273 1413 476 1492 innocenter
490 1414 689 1489 transactis,
704 1419 875 1477 mercator
890 1411 1046 1489 efficitur,
1061 1421 1108 1490 et,

147 1513 271 1591 primo
301 1512 445 1575 minoris
469 1514 571 1594 pretii
602 1530 732 1576 merces
762 1530 940 1588 exercens,
970 1512 1108 1594 taudem

148 1629 236 1672 cum
252 1612 358 1674 sociis
373 1612 621 1675 mercatoribus
638 1610 811 1674 nundinas
832 1611 940 1692 coepit
954 1612 1109 1692 publicas

149 1729 335 1774 exercere.
387 1710 458 1773 Hic
475 1711 530 1774 die
552 1709 713 1792 quodam,
739 1730 818 1773 cum
839 1711 876 1772 in
901 1712 1015 1774 arenis
1035 1730 1109 1774 ma·

152 1809 285 1872 ritimis
309 1809 405 1873 solus
425 1810 630 1886 ambularet,
656 1816 726 1872 tres
753 1809 790 1871 in
816 1809 907 1873 sicco
932 1809 1108 1891 delphines

152 1905 305 1985 invenit,
322 1928 469 1991 quorum
485 1908 619 1972 duobus
633 1908 746 1971 adhuc
762 1908 1024 1990 palpitantibus,
1041 1915 1109 1972 ter-

153 2009 229 2070 tius
250 2017 410 2072 mortuus
431 2009 648 2090 apparebat·
685 2007 751 2071 Ille
772 2015 887 2071 motus
910 2007 1039 2088 pietate
1056 2009 1108 2070 vi·

156 2109 284 2170 ventes
314 2108 454 2189 reliquit
480 2108 642 2184 intactos,
674 2113 709 2170 ct
739 2105 781 2168 de
808 2113 944 2169 mortuo
975 2111 1109 2187 partem

156 2221 302 2269 sumens
325 2214 470 2270 onustus
493 2207 658 2285 recessit3
682 2204 755 2280 sed,
772 2204 934 2267 fluctibus
948 2205 1051 2268 maris
1067 2205 1109 2269 de

157 2325 256 2368 more
288 2306 551 2382 revertentibus,
582 2306 694 2387 primo
730 2302 836 2384 pedes
868 2309 903 2365 et
936 2303 1038 2365 tibias
1075 2311 1110 2367 ct
1150 2305 1153 2312 '

156 2405 298 2467 demum
321 2406 467 2488 abyssus
490 2411 598 2487 caput
626 2403 701 2486 ejus
729 2403 885 2466 vallavit.
938 2399 1109 2464 Godricus

158 2511 279 2567 autem
302 2503 402 2567 sortis
427 2505 464 2566 in
491 2502 558 2566 fide
585 2508 620 2566 et
642 2504 706 2565 sub
732 2502 831 2582 aquis
859 2500 989 2564 diutius
1013 2500 1107 2563 inoe-

157 2604 260 2678 dens,
283 2603 435 2666 Domino
463 2602 621 2678 ducente,
650 2601 694 2663 ad
716 2602 843 2663 siccum
869 2598 1037 2681 pervenit,
1061 2607 1108 2676 et,

157 2703 365 2785 parentibus
390 2702 484 2783 pisce
509 2701 604 2775 dato,
631 2706 757 2764 cuncta
782 2717 860 2780 quaa
887 2698 953 2760 sibi
975 2698 1108 2762 accide-

157 2808 241 2864 rant
268 2802 456 2865 enarravit.
508 2800 649 2863 Solebat
675 2804 789 2861 autem
814 2797 986 2859 interdum
1015 2797 1109 2860 solus

157 2920 272 2980 agens
311 2900 353 2963 de
399 2900 593 2963 caelestibus
635 2895 794 2960 meditari
840 2904 894 2959 et.
921 2897 1109 2959 orationem

159 2999 383 3062 Dominicam
405 3019 483 3062 cum
504 2997 661 3080 symbolo
683 2995 896 3077 frequentius
923 2995 1108 3062 ruminare.

158 3098 330 3162 Sanctum
347 3097 521 3162 Andream
538 3099 573 3160 in
588 3097 706 3159 Scotia
728 3094 894 3158 orationis
916 3093 1030 3174 gratia
1051 3093 1109 3156 de-

158 3205 266 3261 votus
289 3197 425 3280 petivit,
447 3217 510 3260 nec
527 3194 651 3258 minori
676 3193 860 3257 devotione
885 3191 1011 3254 ductus
1037 3190 1110 3254 Ro·

159 3316 255 3360 mam
275 3296 448 3379 perrexit3
472 3296 550 3358 iude
567 3294 704 3357 demum
727 3309 885 3355 reversus
905 3288 1110 3372 quibusdam

160 3396 439 3477 negotiatoribus
462 3394 646 3477 adjunctus
669 3399 722 3455 est
745 3398 882 3454 etcum
904 3389 953 3452 eis
972 3388 1111 3469 nauigio

161 3514 351 3578 aggressus
370 3501 424 3557 est
440 3500 680 3568 mercaturam,
701 3499 737 3554 et
758 3490 897 3553 divitias
922 3493 1112 3569 congerens

161 3597 267 3658 unius
283 3594 384 3657 navis
402 3592 579 3655 dimidium
596 3599 631 3654 et
645 3591 961 3669 alterius'quartam
977 3593 1112 3669 ¹partem

160 3693 324 3756 babebat.
376 3692 463 3754 Erat
479 3701 595 3754 autem
608 3707 751 3770 corpore
768 3687 929 3750 robustus
948 3692 983 3748 et
998 3687 1113 3748 auimo

164 3799 339 3867 strenuus,
364 3791 454 3853 uude
478 3808 539 3871 per
561 3789 719 3868 regiones
739 3787 894 3849 diversas
916 3783 1113 3868 navigando

163 3891 242 3954 loca
263 3896 462 3952 sanctorum
485 3888 595 3951 multa
608 3887 774 3949 visitabat
796 3891 831 3947 et
853 3893 971 3947 eorum
993 3901 1030 3946 se
1053 3901 1114 3963 pa-

162 3989 311 4054 trocinio
328 3987 601 4051 commendabat.
