3190 5202
459 475 503 540 ol
717 485 850 536 nocam
875 485 922 534 nu
946 481 1152 534 wnunovnn

299 664 421 704 aanor.
461 651 531 708 tem
554 641 667 708 acrius
690 641 901 722 affligebant.
953 640 1081 706 Petrus
1107 649 1223 706 antem
1249 639 1418 706 fraternis

299 715 360 754 rem
369 715 406 755 the

298 763 390 805 liernit.

461 741 673 826 compatiens
689 743 847 819 miseriis,
863 760 940 804 cum
959 741 1153 826 lachrymas
1168 740 1328 804 cohibere
1342 761 1415 806 non

461 851 591 926 posset,
621 840 827 924 patriarcha
865 841 1053 922 respondit,
1090 840 1281 916 ‘Noveris,
1312 848 1415 921 pater

461 951 592 1018 sancte,
616 939 708 1023 quod
733 939 878 1004 ecclesia
902 938 1061 1003 Romana
1088 945 1123 1002 et
1151 939 1324 1021 principes
1354 958 1414 1003 oc-

460 1041 617 1116 cidentis,
643 1040 673 1102 si
700 1038 804 1122 hujus
826 1038 1034 1102 calamitatis
1054 1036 1254 1118 diligentem
1281 1046 1316 1100 et
1341 1038 1411 1101 lide

460 1141 602 1224 dignum
624 1138 789 1202 haberent
809 1137 1063 1212 instructorem,
1082 1142 1256 1200 tentarent
1271 1137 1410 1219 procul·

460 1239 564 1304 dubio
579 1239 632 1302 his
646 1237 746 1300 malis
762 1236 886 1301 vestris
903 1235 1054 1298 remedia
1068 1255 1253 1317 procurare
1266 1256 1274 1314 ;
1300 1237 1411 1300 scribe

459 1339 566 1420 igitur
582 1336 794 1418 diligentius,
817 1343 888 1399 tam
908 1335 1048 1398 domino
1070 1353 1172 1416 papae
1194 1343 1229 1398 et
1254 1335 1410 1398 ecclesiae

461 1438 642 1511 Romanae,
654 1453 757 1518 quam
774 1435 913 1516 regibus
927 1440 962 1497 et
979 1433 1190 1515 principibus
1208 1434 1409 1510 occidentis,
1430 1453 1432 1459 ·

460 1543 495 1600 et
522 1555 587 1618 ego
616 1554 679 1617 pro
705 1534 855 1597 remedio
884 1533 1008 1598 animae
1031 1552 1129 1608 meae,
1151 1539 1293 1596 auctore
1318 1533 1409 1610 Deo,

459 1643 602 1716 paratus
625 1652 684 1698 ero
711 1651 940 1695 aerumnarum
966 1638 1157 1695 vestrarum
1185 1632 1410 1697 immensitati

460 1734 658 1816 protestari,
686 1737 722 1795 et
754 1730 798 1793 ad
827 1730 1015 1794 remedium
1046 1731 1301 1812 procurandum
1333 1733 1410 1794 uni-

459 1819 579 1897 versos
605 1839 639 1895 et
667 1829 822 1910 singulos
844 1828 1014 1894 invitare?
1070 1828 1209 1894 Placuit
1236 1849 1349 1894 sermo
1371 1833 1409 1895 in

357 2011 361 2020 ι
459 1931 569 1995 oculis
589 1937 659 1994 tarn
682 1929 888 2011 patriarchae
906 1948 1010 2010 quam
1029 1928 1240 1993 adstantium
1259 1931 1408 2012 populo·

459 2051 547 2107 rum,
570 2038 616 2106 et,
633 2029 798 2111 impensis
814 2029 1004 2108 gratiarnm
1022 2028 1227 2103 actionibus,
1244 2030 1319 2092 viro
1338 2029 1406 2095 Dei

459 2131 624 2212 scriptum
647 2129 829 2212 porrigunt
851 2127 1076 2210 postulatum.
1130 2126 1266 2191 Accidit
1290 2138 1406 2192 autem

459 2229 513 2294 die
530 2229 692 2312 quadarn,
712 2247 791 2290 cum
805 2227 992 2308 praedictus
1007 2226 1075 2289 Dei
1094 2225 1245 2290 famulus
1262 2227 1304 2290 de
1326 2229 1405 2291 red-

458 2329 510 2392 itu
528 2327 570 2391 ad
586 2327 738 2408 propria,
752 2343 816 2406 pro
831 2325 1003 2407 implenda
1022 2324 1195 2406 legatione
1216 2334 1406 2408 assumpta,

458 2426 607 2507 amplius
623 2424 726 2488 solito
743 2431 835 2487 esset
856 2424 1036 2501 sollicitus,
1053 2425 1233 2488 ecclesiam
1248 2425 1405 2489 Domini·

456 2544 507 2588 cae
523 2524 783 2588 resurrectionis
798 2523 974 2603 ingressus
989 2531 1054 2596 est,
1069 2524 1112 2586 ad
1131 2523 1259 2588 fontem
1273 2526 1406 2590 miseri-

457 2624 582 2688 cordiae
606 2631 681 2687 tota
706 2623 889 2686 devotione
911 2641 1102 2698 recurrens,
1125 2623 1185 2686 ubi
1215 2643 1293 2686 cum
1325 2645 1404 2707 per-

456 2731 602 2788 noctans
618 2723 746 2803 vigiliis
768 2729 804 2786 et
825 2721 1037 2785 orationibus
1058 2722 1224 2802 fatigatus
1247 2723 1283 2785 in
1307 2726 1406 2805 pavi-

456 2832 572 2887 mento
598 2822 770 2893 decubuit,
795 2827 834 2882 ut
860 2839 981 2883 somno
1006 2820 1221 2884 satisfaceret
1247 2821 1405 2901 irruenti,

456 2922 549 2985 illico
571 2939 694 3002 sopore
710 2920 923 3000 interceptus
939 2919 1026 2983 vidit
1047 2921 1112 2983 sibi
1129 2920 1268 2984 adstare
1282 2922 1405 2985 Domi-

457 3039 539 3083 num
556 3018 580 3082 J
583 3038 678 3082 esum
697 3018 885 3094 Christum,
905 3019 962 3099 qui
991 3018 1176 3102 injungens
1203 3020 1235 3082 ei
1260 3019 1405 3101 legatio-

457 3138 535 3182 nem
564 3118 777 3199 praemissam
801 3116 902 3192 dixit,
927 3117 1072 3198 ‘Surga
1099 3117 1215 3194 Petre,
1245 3139 1405 3201 propera,

456 3225 492 3280 et
507 3215 698 3297 intrepidus
714 3233 854 3296 perage,
872 3235 950 3298 quae
965 3215 1027 3279 tibi
1044 3224 1125 3280 sunt
1140 3218 1308 3300 injuncta,
1328 3221 1402 3301 Ego

457 3317 548 3379 enim
571 3321 684 3377 tecum
707 3332 788 3392 er03
818 3321 953 3396 tempus
976 3322 1029 3378 est
1050 3317 1139 3379 enim
1157 3324 1196 3380 ut
1212 3326 1404 3398 purgentur

457 3421 590 3491 sancta,
606 3423 641 3478 et
660 3414 745 3476 meis
762 3415 986 3478 subveniatur
1003 3413 1133 3478 servis!
1172 3415 1404 3498 Expergesac·

457 3523 514 3578 tus
537 3515 662 3579 Petrus
684 3521 719 3577 et
741 3513 935 3577 derisione
961 3513 1188 3590 confortatus,
1212 3511 1317 3597 atque
1341 3519 1400 3580 ad·

457 3614 678 3678 monitionem
701 3612 850 3675 divinam
869 3611 1091 3693 amplectens,
1114 3613 1318 3694 intrepidus,
1340 3618 1402 3679 im-

456 3714 566 3795 piger,
583 3731 696 3776 moras
719 3711 858 3793 rumpit,
882 3718 928 3787 et,
946 3711 1039 3774 facta
1056 3712 1224 3789 oratione,
1245 3714 1288 3776 ad
1309 3734 1402 3778 mare

456 3812 600 3875 festinus
623 3813 736 3874 viator
756 3809 957 3887 descendit;
986 3811 1044 3873 ubi
1066 3829 1189 3873 navem
1213 3814 1400 3877 ascendens

454 3930 620 3992 prospera
635 3907 857 3988 navigatione
874 3908 918 3969 ad
937 3909 1065 3971 Barum
1083 3911 1253 3991 pervenit,
1268 3919 1303 3974 et
1324 3914 1402 3977 inde

455 4010 604 4073 Romam
633 4007 807 4090 profectus
836 4026 963 4089 papam
994 4007 1174 4070 Urbanum
1202 4010 1340 4090 reperit,
1367 4021 1401 4077 et

452 4109 658 4191 patriarchae
680 4108 798 4170 literas
815 4106 1048 4189 fideliumque,
1066 4107 1125 4188 qui
1147 4106 1401 4192 Hierosolymis

452 4214 563 4282 erant,
578 4207 771 4302 porrigens,
786 4225 903 4269 eorum
921 4206 1077 4269 miserias
1099 4213 1133 4270 et
1150 4213 1252 4270 terrae
1269 4218 1399 4275 sanctae
