3138 5184
400 553 540 608 rnouus
564 554 833 606 rusroumuuu.
1023 539 1089 604 229

141 710 267 790 Bigod,
291 729 406 773 comes
432 710 689 792 Estanglorum,
712 731 826 776 comes
852 712 979 794 Symon
1010 732 1085 776 cum
1100 724 1223 813 333301220

142 809 202 870 illo
225 809 268 872 de
286 808 477 886 Warenna,
500 817 599 874 tanto
615 809 757 892 impetu,
775 811 865 892 quod
888 811 947 874 aiii
968 831 1084 876 eorum
1100 824 1192 864 unsa

141 907 258 986 occisi,
289 907 350 970 alii
382 910 488 990 capti,
518 909 577 972 alii
606 916 688 973 sunt
718 929 779 990 per
810 909 927 990 sugam
955 911 1085 992 elapsi3

139 1006 230 1068 acies
256 1025 406 1088 quoque,
429 1008 485 1069 cui
507 1015 657 1089 praeerat
679 1026 793 1071 comes
814 1007 1086 1072 Albemarlensis

139 1111 173 1167 ct
188 1104 388 1169 Willelmus
405 1106 588 1187 YprensiS,
610 1105 780 1187 percussit
797 1105 1005 1186 wallenses,
1027 1108 1087 1190 qui

140 1222 160 1266 a
175 1203 286 1266 latere
301 1204 545 1285 procedebant,
561 1211 597 1268 et
612 1223 671 1268 eos
685 1205 802 1285 adegit
819 1205 855 1268 iu
871 1205 1008 1286 sugam
1026 1206 1086 1271 sed

141 1308 176 1366 et
205 1301 299 1378 acies
330 1303 465 1366 comitis
496 1302 689 1366 Gestrensis
720 1303 821 1367 irruit
850 1304 885 1368 in
911 1304 1086 1372 cohortem

140 1401 356 1482 praedictam,
381 1408 416 1465 et
439 1402 529 1468 sicut
553 1401 644 1464 acies
668 1401 763 1483 prior
782 1401 951 1484 dissipata
977 1403 1088 1470 estin

141 1507 330 1563 momento.
384 1500 563 1580 Fugerunt
578 1501 685 1582 igitur
700 1520 817 1564 omues
829 1501 962 1583 equites
977 1502 1085 1583 regis3

141 1606 176 1662 et
190 1598 391 1662 Willelmus
410 1599 592 1681 Yprensis,
608 1600 660 1663 vir
677 1599 881 1676 consularis,
896 1607 1000 1682 atque
1015 1601 1086 1678 alii,

141 1697 199 1778 qui
226 1696 349 1777 sugere
374 1717 443 1764 non
469 1705 668 1779 potuerunt,
693 1717 811 1762 omnes
835 1699 929 1781 capti
948 1707 1029 1763 suut
1051 1708 1086 1764 et

142 1796 290 1862 uinculis
316 1795 514 1878 mancipati.
555 1795 692 1863 Accidit
722 1804 839 1860 autem
863 1816 918 1862 res
940 1798 1028 1861 mira
1050 1807 1087 1864 et

142 1914 212 1976 prae
229 1893 389 1958 omnibus
412 1894 625 1972 admiranda,
646 1895 728 1959 dum
745 1915 807 1959 rex
824 1895 1031 1978 Stephanus
1048 1905 1087 1962 ut

141 1993 196 2057 leo
210 1993 366 2074 rugiens,
381 1994 478 2058 solus
499 1995 535 2057 in
551 2013 674 2076 campo
693 1996 894 2076 persisteret
914 2001 949 2058 et
971 1995 1086 2060 nullus

143 2092 292 2162 adeum
322 2092 483 2156 accedere
510 2093 663 2170 auderet,
691 2093 838 2157 stridens
863 2093 1023 2157 dentibus
1051 2102 1086 2160 et

141 2191 216 2273 apri
236 2191 408 2256 silvestris
430 2211 524 2256 more
547 2211 723 2274 spumanS,
738 2199 871 2256 turmas
887 2193 924 2256 iu
940 2193 977 2255 'se
999 2191 1088 2254 irru-

141 2297 241 2356 entes
264 2308 344 2353 cum
368 2290 519 2371 bipenni,
537 2309 640 2372 quam
663 2291 815 2368 tenebat,
840 2291 1021 2373 repellens,
1045 2310 1086 2354 ao

142 2388 295 2464 hostium
314 2389 507 2470 praecipuos
524 2396 684 2471 potenter
699 2397 934 2469 consternens,
949 2389 1086 2454 laudem

142 2487 207 2550 sibi
238 2493 442 2568 perpetuam
470 2488 696 2570 comparavit.
759 2488 803 2564 Ο,
833 2489 864 2552 si
891 2493 1029 2551 centum
1054 2488 1085 2552 ei
1098 2515 1140 2563 cap
1142 2515 1221 2553 mmor

143 2584 273 2650 similes
290 2585 463 2661 adessent,
478 2606 546 2655 non
571 2586 741 2668 captionis
759 2586 934 2670 jacturam
954 2606 1017 2650 rex
1033 2588 1086 2650 in·
1098 2565 1197 2613 ΝΜ·

142 2684 319 2760 currisset,
337 2685 501 2766 cumipse
516 2685 680 2748 solusvrx
696 2686 809 2766 potuit
824 2704 845 2747 a
860 2692 914 2748 tot
930 2685 1087 2750 hostibus

142 2783 318 2864 superari!
349 2781 494 2864 Capitur
512 2791 629 2847 autem
647 2802 709 2846 rex
725 2781 919 2865 AngIorum
940 2784 1088 2866 Stepha-

144 2901 207 2944 nus
234 2882 271 2943 in
294 2881 349 2946 die
368 2881 617 2963 purificationis
637 2882 749 2946 beatae
768 2882 891 2944 Mariae
909 2890 944 2946 et
965 2883 1007 2946 ad
1025 2883 1089 2946 im⁴

144 2981 347 3061 pemtricem
373 2980 521 3058 ducitur,
548 2988 653 3064 atque
679 2981 715 3042 in
743 2980 896 3044 turrido
923 2981 1090 3050 Bristollo

144 3078 309 3148 custodiae
323 3079 548 3161 mancipatur.

150 3328 154 3334 .
187 3251 279 3326 Quod
291 3248 444 3316 Mantua
458 3251 644 3335 imperatris
660 3251 695 3316 ia
710 3251 881 3315 Dominam
895 3250 1047 3334 recipitur

543 3371 564 3414 a
576 3349 694 3414 mattis.

194 3473 265 3537 His
289 3474 408 3557 itaque
433 3474 550 3554 gestis,
576 3472 778 3555 imperatrix
804 3492 903 3555 paene
930 3474 974 3537 ab
999 3471 1092 3538 omni
1104 3485 1242 3576 wie-daga

147 3571 341 3654 Anglorum
352 3566 476 3653 gente¹
484 3572 695 3654 suscipitur
685 3592 721 3634 ιιι
729 3571 915 3650 Dominam
919 3571 1092 3653 ,exceptis
1105 3597 1128 3626 u
1135 3581 1256 3624 nomm:

150 3669 397 3746 Kentensibus,
421 3669 480 3733 ubi
504 3670 624 3751 regina
645 3671 737 3751 regis
762 3670 930 3752 Stephani
951 3680 986 3735 et
1001 3670 1092 3734 Wil-

148 3767 268 3832 lelmus
289 3768 462 3850 Yprensis
485 3777 607 3832 contra
624 3787 700 3831 eam
726 3789 790 3850 pro
813 3769 944 3832 viribus
974 3769 1092 3832 decer-

150 3869 277 3930 tabant.
319 3866 490 3948 Suscepta
516 3875 570 3930 est
594 3865 691 3947 prius
718 3868 762 3929 ab
782 3865 955 3944 Alberico‚
975 3867 1092 3948 legato

183 4080 346 4144 ¹smciptrur
381 4081 408 4128 in
440 4081 606 4144 Damonem]
633 4083 693 4144 only
710 4097 739 4130 as
756 4084 817 4145 lady
827 4099 856 4132 or
872 4081 994 4141 mistress,
1007 4081 1042 4142 by
1053 4081 1095 4130 the

150 4149 306 4208 Mulmsbury
325 4148 376 4196 and
392 4151 434 4198 the
451 4152 609 4199 continuator
631 4152 786 4217 archbishop
811 4152 840 4202 oi
865 4151 1023 4210 Centerbury
1045 4150 1096 4198 ond

150 4217 179 4266 oi
190 4219 308 4266 Florence
330 4231 406 4278 agree
422 4219 476 4268 that
499 4220 609 4268 Matiida
635 4220 727 4274 others.

150 4302 203 4335 was
213 4291 255 4335 not
264 4285 412 4346 recognised
423 4302 452 4336 as
460 4303 551 4350 queen,
563 4289 610 4337 but
