3138 5184
470 523 539 590 152.
726 538 862 590 uoonm
886 539 933 589 nn
955 535 1164 597 wanuovmt

311 709 433 751 „mm
474 693 550 737 esse
567 675 742 738 montibus
765 676 880 760 sitam,
898 683 932 746 et
950 677 986 739 in
1009 682 1102 740 sorte
1120 673 1302 757 Benjamin
1324 673 1430 744 novi·

309 760 460 860 gl'lsssslffi,
475 789 551 836 mus
568 773 802 839 constitutam.
844 773 963 838 Habet
981 782 1097 838 autem
1113 774 1156 838 ab
1171 772 1348 837 occidente
1363 772 1431 835 tri-

475 874 555 936 bum
569 873 720 950 Simeon,
734 871 894 958 [terram]
910 873 1185 950 Philistinorum,
1197 880 1232 936 et
1247 891 1341 935 mare
1356 859 1432 934 me'-

477 971 721 1050 diterraneum,
739 993 762 1037 a
787 993 868 1056 quo,
888 992 996 1055 prope
1013 979 1067 1037 est
1089 973 1112 1036 J
1115 992 1228 1055 oppen
1248 969 1430 1053 oppidum,

478 1071 602 1152 viginti
614 1078 765 1154 quatuor
778 1072 981 1135 milliaribus
994 1071 1112 1148 distat,
1124 1073 1215 1134 inter
1230 1090 1268 1133 se
1285 1076 1320 1134 et
1337 1089 1434 1151 prae-

477 1170 607 1234 dictum
635 1190 729 1234 mare
758 1169 891 1234 habens
917 1170 1097 1234 castellum
1120 1170 1274 1248 Emaus3
1305 1168 1433 1232 Modin

480 1269 596 1346 etiam,
622 1276 822 1334 sanctorum
852 1269 1133 1333 Machabaeorum
1146 1268 1364 1352 praesidium,
1395 1277 1433 1332 et

483 1368 607 1432 Noben
618 1369 768 1433 viculum
786 1369 1015 1445 sacerdotum,
1030 1376 1065 1432 ct
1083 1369 1267 1451 Dispolim,
1284 1387 1362 1449 quae
1375 1375 1434 1431 est

482 1467 616 1549 Lydda,
632 1468 691 1530 ubi
709 1467 835 1530 Petrus
845 1469 991 1531 AEneam
1006 1468 1235 1552 paralyticum
1252 1467 1358 1531 saluti
1374 1487 1436 1530 re-

481 1565 608 1642 stituit,
622 1573 656 1630 et
668 1567 727 1629 ubi
742 1567 834 1650 apud
848 1567 1019 1630 Simonem
1035 1567 1218 1630 coriarium
1232 1565 1434 1648 hospitatus

484 1663 636 1729 Cornelii
649 1667 807 1729 nuntium
822 1667 986 1749 suscepit,
999 1667 1090 1730 sicut
1103 1666 1195 1749 apud
1209 1666 1233 1729 J
1236 1684 1348 1747 oppon
1359 1665 1438 1728 dis-¹

482 1764 646 1847 cipulam,
662 1765 847 1830 Thabitam
867 1767 1017 1842 nomine,
1039 1766 1232 1830 suscitavit.
1283 1762 1340 1828 Ab
1360 1766 1436 1828 ori·

483 1870 564 1930 ente
581 1883 719 1948 quoque
741 1865 765 1928 J
768 1865 906 1929 ordanis
929 1864 1032 1928 habet
1055 1864 1198 1942 fluenta,
1215 1871 1250 1928 et
1271 1863 1437 1927 solitudi-

484 1982 561 2025 nem
593 1963 741 2028 iiliorum
778 1964 1024 2047 prophetarum
1059 1964 1160 2046 quasi
1191 1962 1235 2027 ad
1268 1963 1436 2026 milliaria

485 2064 757 2146 quatuordecim,
770 2071 805 2128 et
817 2063 943 2128 vallem
958 2065 1163 2142 silvestrem,
1175 2070 1210 2127 et
1222 2081 1315 2125 mare
1333 2062 1437 2126 Mor·

485 2172 599 2240 tuum;
616 2157 720 2227 ¹citra
729 2163 752 2228 J
755 2163 918 2228 ordanem
926 2183 1009 2227 vero
1019 2163 1042 2226 J
1045 2163 1160 2227 ericho
1170 2163 1285 2238 habet,
1297 2169 1331 2225 et
1344 2160 1437 2226 Gal·

486 2263 567 2344 gala
589 2264 799 2327 domicilium
825 2263 990 2342 Helisaci3
1018 2263 1110 2326 ultra
1136 2282 1216 2326 vero
1243 2261 1266 2326 J
1268 2260 1437 2325 ordanem

487 2361 637 2438 Galaad,
655 2362 787 2438 Basan,
804 2362 932 2439 Amon,
955 2369 990 2426 et
1019 2363 1138 2439 Moab,
1164 2361 1255 2444 quod
1278 2367 1438 2445 postmo-

486 2461 567 2524 dum
584 2461 723 2538 Ruben,
738 2460 829 2538 Gad,
846 2469 880 2526 et
890 2461 1036 2526 ,dimidia
1051 2461 1161 2525 tribus
1176 2461 1339 2524 Manasse
1355 2479 1440 2524 sus-

486 2567 650 2641 ceperunt
667 2561 703 2624 in
722 2568 862 2638 sortem,
882 2580 959 2644 quae
974 2560 1075 2625 hodie
1089 2562 1184 2642 regio
1201 2558 1353 2642 generali
1370 2579 1439 2644 ap-

486 2659 673 2742 pellatione
691 2658 823 2723 Arabia
839 2668 1069 2743 nuncupatur.
1118 2659 1176 2724 Ab
1194 2666 1312 2724 austro
1328 2657 1440 2724 habet

487 2765 615 2822 sortem
635 2757 658 2822 J
661 2759 751 2836 udae,
773 2761 809 2822 in
832 2767 972 2841 quaest
995 2759 1186 2836 Bethleem,
1203 2758 1288 2824 felix
1305 2758 1441 2822 Domi·

487 2859 574 2924 nicae
597 2858 791 2923 nativitatis
823 2860 932 2937 locus,
955 2866 990 2922 et
1012 2859 1155 2923 Thccna
1182 2860 1264 2922 urbs
1285 2857 1441 2941 prophe-

487 2964 600 3019 tarum
617 2956 760 3022 Abacuc
776 2965 812 3022 et
827 2957 948 3035 Amce,
966 2965 1001 3022 et
1024 2958 1180 3034 Hebron,
1198 2965 1347 3041 quaeest
1365 2956 1441 3021 Ca-

486 3056 672 3134 riatharbe,
689 3057 713 3120 J
716 3056 890 3121 udaeorum
914 3057 1188 3140 patriarcharum
1204 3057 1440 3140 sepulchrum.

486 3154 520 3220 A
537 3156 770 3238 septentrione
787 3176 924 3240 quoque
941 3157 1045 3226 habet
1066 3156 1226 3234 Gabaon,
1241 3157 1265 3220 J
1267 3176 1351 3220 osue
1373 3157 1441 3220 filii

488 3255 571 3319 Nun
595 3256 776 3320 victoriam
807 3257 990 3338 insignem,
1012 3264 1048 3320 et
1070 3258 1196 3321 tribum
1223 3256 1377 3332 Effraim,
1405 3262 1442 3320 et

487 3355 583 3437 Sylo,
611 3355 732 3431 Sichar
765 3374 902 3438 quoque
931 3364 967 3420 et
997 3357 1163 3420 Samariae
1186 3357 1373 3437 regionem,
1402 3362 1440 3419 et

487 3455 624 3532 Betbel,
644 3455 778 3536 peccati
804 3453 827 3518 J
830 3456 991 3538 eroboam
1008 3463 1144 3532 testem,
1170 3455 1230 3518 sed
1253 3455 1442 3530 etSebas-

487 3562 591 3631 team,
610 3553 746 3618 Helisei
766 3560 801 3617 et
819 3552 943 3618 Abdiae
965 3555 1185 3636 sepulchrum
1209 3561 1244 3617 et
1262 3553 1439 3635 Baptistae

487 3653 511 3716 J
514 3654 661 3717 ohannis
686 3654 910 3735 martyrium3
934 3654 1008 3717 haec
1036 3654 1118 3717 olim
1138 3674 1160 3717 a
1177 3659 1294 3716 monte
1314 3653 1440 3716 Somer

488 3752 580 3816 dicta
610 3759 664 3816 est
688 3753 857 3830 Samaria,
883 3755 972 3817 sicut
999 3760 1034 3817 et
1064 3753 1160 3833 regio
1184 3759 1271 3829 tota,
1297 3771 1376 3834 quae
1402 3760 1441 3816 et
1484 3804 1488 3810 .

489 3850 633 3915 thronus
650 3852 716 3915 fuit
733 3871 854 3934 regum
870 3852 991 3917 Israel.
1032 3852 1153 3920 Habet
1166 3853 1269 3916 etiam
1288 3859 1323 3915 et
1341 3851 1441 3916 Nea-

488 3949 583 4031 polin
611 3951 667 4014 vel
690 3951 900 4034 Nicopolim,
923 3954 982 4016 ubi
1009 3953 1069 4015 filii
1093 3952 1217 4028 Jacob,
1244 3951 1384 4015 Simeon
1402 3958 1441 4014 et

489 4049 587 4126 Levi,
597 4051 632 4113 in
645 4051 810 4114 ultionem
823 4051 1044 4134 stupri‚quod
1053 4051 1189 4116 Sichem
1199 4051 1289 4113 filins
1297 4051 1443 4114 Emmor

487 4150 597 4214 sorori
613 4168 730 4213 eornm
747 4151 851 4214 Dinae
871 4151 1048 4228 intulerat,
1071 4152 1184 4233 ipsum
1200 4158 1235 4214 et
1255 4150 1343 4213 filios
1360 4150 1440 4233 ejus

534 4296 543 4328 ¹
556 4300 628 4364 Citra
644 4301 810 4374 ilerdam]
836 4300 959 4364 Compare
972 4301 1088 4351 Fulcher.
1104 4301 1274 4364 Cmnotensis,
1291 4316 1317 4363 p.
1328 4303 1387 4351 4⁰5.
