3144 5180
401 587 539 636 neonus
563 588 832 641 ursronmnuu.
1022 579 1088 644 309

235 816 324 912 idem
339 839 393 882 ree
406 818 453 883 ud
457 819 657 903 justiciarius
671 841 741 884 auos
757 830 865 886 eontra
883 819 1003 886 deatum

392 918 536 982 Thamari
551 919 823 1006 arehiepiscopum.

187 1031 265 1101 ‘Si¹
289 1039 367 1120 quis
387 1039 549 1104 inventus
568 1041 671 1106 fiterit
688 1041 801 1106 ferens
818 1042 937 1106 literas
953 1042 1082 1108 domini
1094 1065 1149 1104 no.
1161 1068 1217 1107 aa.

139 1157 235 1219 papae
253 1137 312 1201 vel
336 1139 549 1216 mandatum,
569 1146 631 1216 aut
654 1139 798 1204 Thomaa
819 1140 1080 1224 archiepiscopi,
1090 1115 1205 1212 dila.

138 1235 315 1299 continens
337 1237 558 1303 interdictum
585 1238 858 1303 Christianitatis
879 1239 915 1302 in
936 1239 1078 1322 Anglia,

137 1335 295 1417 capiatur
328 1342 363 1399 et
397 1336 586 1400 retineatur
616 1337 725 1400 donec
757 1327 836 1401 ind'a
865 1337 1079 1402 voluntatem

137 1452 243 1496 meam
271 1434 481 1515 praecipiam.
530 1434 633 1511 Item,
648 1435 763 1498 nullus
781 1436 939 1511 clericus,
959 1455 1080 1518 mona·

137 1531 231 1608 chus,
255 1532 442 1595 canonicus
470 1532 526 1596 vel
550 1553 750 1612 conversus,
772 1535 829 1598 vel
851 1532 999 1617 alicujus
1023 1555 1078 1599 re·

137 1629 285 1710 ligionis,
305 1631 528 1696 transfretare
552 1633 784 1714 permittatur,
807 1633 871 1696 nisi
891 1631 1016 1696 habeat
1038 1633 1077 1696 li-

136 1736 226 1792 teras
254 1729 298 1791 de
327 1729 439 1792 reditu
464 1749 529 1793 suo
553 1731 740 1814 justiciarii
766 1731 821 1794 vel
848 1737 1009 1811 nostras;
1047 1732 1077 1794 si

135 1828 210 1907 quis
227 1827 331 1892 aliter
343 1827 504 1892 inventus
521 1829 636 1906 fuerit,
652 1829 810 1912 capiatur
823 1835 860 1892 et
876 1830 1076 1894 retineatur.

16 1913 19 2002 l*
136 1925 263 1990 Nullus
280 1927 432 2008 appellet
445 1927 491 1991 ad
507 1946 633 2011 papam
648 1927 817 2010 nequead
834 1927 1003 1990 Thomam
1021 1947 1076 1991 ar-

133 2024 399 2106 chiepiscopum,
419 2046 532 2108 neque
551 2026 690 2109 aliquod
707 2026 872 2108 placitum
892 2045 937 2089 ex
958 2045 1076 2090 eorum

135 2124 300 2188 mandato
316 2131 486 2200 teneatur,
504 2143 616 2207 neque
639 2123 779 2206 aliquod
796 2125 996 2189 mandatum
1018 2143 1077 2188 eo·

133 2240 208 2283 rum
225 2223 262 2285 in
275 2220 404 2303 Anglia
417 2224 624 2304 recipiatur3
650 2230 685 2286 et
701 2222 825 2304 siquis
844 2223 1006 2299 tenuerit,
1021 2224 1076 2287 vel

134 2321 313 2402 receperit,
328 2320 385 2385 vel
402 2321 617 2397 tractaverit,
638 2321 797 2404 capiatur
819 2327 856 2384 ct
874 2321 1074 2385 retineatur.

134 2417 170 2480 Si
193 2419 358 2500 episcopi,
384 2419 539 2496 abbates,
558 2419 672 2486 clerici
695 2419 750 2484 vel
769 2419 849 2486 laici
870 2419 1074 2482 sententiam

132 2516 305 2580 interdicti
326 2516 509 2593 tenuerint,
534 2516 609 2582 sine
631 2517 795 2582 dilatione
823 2537 845 2581 a
867 2524 960 2580 terra
981 2516 1076 2599 ejici-

134 2622 247 2690 antur,
268 2622 304 2678 et
327 2621 403 2678 tota
423 2634 541 2679 corum
558 2617 732 2696 cognatio,
747 2617 799 2680 ita
820 2614 912 2699 qnod
932 2615 1016 2679 nihil
1034 2616 1077 2679 de

10 2769 11 2772 ,
132 2713 270 2776 catallis
295 2714 368 2777 suis
388 2732 505 2776 secum
529 2714 653 2789 ferant,
674 2714 735 2777 sed
757 2714 885 2778 catalla
905 2733 1023 2778 eorum
1041 2722 1078 2778 et

8 2882 9 2893 p
132 2811 367 2892 possessiones
385 2811 422 2873 in
445 2830 550 2874 manu
575 2819 694 2876 nostra
709 2812 906 2876 saisientur.
947 2813 1077 2877 Omnes

132 2909 259 2987 clerici,
278 2910 338 2992 qui
362 2908 515 2972 redditus
531 2909 661 2974 habent
682 2908 961 2991 inAnglia,sunt
982 2929 1076 2974 sum·

131 3008 254 3074 moniti
276 3028 338 3090 per
359 3026 478 3072 omnes
499 3007 696 3083 comitatus,
720 3014 759 3071 ut
778 3007 868 3072 infra
889 3015 960 3072 tres
981 3027 1077 3072 men-

132 3126 187 3170 ses
209 3108 281 3171 sint
307 3107 343 3168 in
368 3105 500 3186 Anglia
525 3105 569 3170 ad
598 3105 752 3169 redditus
780 3124 875 3181 suos,
900 3107 990 3170 sicut
1017 3125 1077 3171 eos

132 3206 284 3286 diligunt
307 3211 343 3268 et
367 3204 491 3268 amodo
508 3202 549 3270 ¹in
569 3201 732 3284 Angliam
755 3203 887 3280 redire;
915 3211 961 3277 et,
979 3203 1010 3266 si
1032 3204 1076 3267 ad

130 3303 316 3366 terminum
333 3302 516 3384 praefixum
533 3321 602 3366 non
616 3301 784 3377 venerint,
794 3299 947 3364 redditus
961 3317 1077 3362 eorum

131 3400 167 3462 in
194 3407 317 3464 nostra
335 3401 543 3466 saisientur.
587 3399 749 3481 Episcopi
774 3394 1023 3462 Londoniensis
1042 3403 1078 3459 et

127 3498 379 3563 -Norwicensis
407 3503 702 3573 summoueantur,
731 3496 824 3578 quod
855 3496 925 3558 sint
962 3512 1077 3558 coram

127 3597 334 3678 justiciariis
361 3596 490 3660 nostris
523 3594 567 3659 ad
601 3601 732 3658 rectum
750 3592 962 3668 laciendum,
987 3592 1078 3674 quod

126 3703 257 3768 ¹contra
272 3701 406 3760 statuta
424 3694 522 3774 regni
538 3692 791 3756 interdixerunt
807 3699 936 3755 terram
953 3690 1079 3771 Hugo-

134 3793 187 3856 nis
209 3793 347 3857 comitis
365 3799 401 3855 et
423 3792 458 3854 in
477 3792 590 3873 ipsum
618 3788 823 3854 sententiam
849 3787 1098 3854 anathematis-

134 3890 338 3955 intulerunt.
396 3887 540 3953 Denarii
563 3888 657 3952 beati
686 3886 784 3952 Petri
810 3884 1019 3967 colligantur
1045 3892 1081 3948 et

134 3998 329 4068 serventur,
346 4005 528 4070 quousque
546 3986 627 4048 inde
646 3984 744 4049 vobis
762 3983 921 4046 dominus
936 4001 998 4044 rex
1018 4001 1081 4044 vo-

135 4087 305 4152 luntatem
323 4105 421 4150 snam
437 4083 664 4166 praeceperit!
706 4079 897 4144 Ecclesiam
913 4085 1081 4160 praeterea

366 4305 372 4335 ¹
386 4305 416 4354 st
426 4297 502 4371 qaia]
521 4306 593 4354 From
612 4302 745 4365 Hoveden,
762 4318 790 4364 p.-
801 4305 859 4350 496.
