3144 5180
392 548 530 598 riorus
555 549 827 602 ursroumnun.
1012 535 1078 600 337

121 705 274 784 praefato
305 706 563 789 archiepiscopo
595 709 830 772 concedendas
863 708 972 772 eidem
1004 711 1216 792 reglau-¹1⁶⁹-

122 805 373 881 concessimus
405 807 498 883 licet,
531 815 717 890 antequam
749 808 993 872 inclinaremur
1034 810 1078 872 ad

122 921 347 980 consensum,
370 904 482 968 nuntii
508 905 584 989 ojus
609 906 709 971 nobis
734 907 770 970 in
795 908 899 971 verbo
921 909 1080 972 veritatis

122 1002 360 1082 promiserunt
388 1010 423 1066 et
456 1023 560 1086 super
587 1005 652 1069 hoc
676 1007 911 1089 juramentum
943 1007 1080 1071 obtule·

123 1108 220 1177 runt,
253 1102 346 1183 quod
379 1122 553 1186 nunquam
584 1105 659 1168 sine
687 1105 866 1169 voluntate
892 1112 1009 1169 vestra
1036 1106 1078 1169 li·

124 1207 212 1263 terae
230 1201 441 1268 Eboracensi
461 1203 717 1286 archiepiscopo
736 1203 982 1268 redderentur!
1035 1204 1078 1268 In
1105 1265 1108 1272 .

123 1298 204 1362 aliis
229 1308 345 1367 autem
366 1301 475 1364 literis
496 1301 569 1366 suis
588 1303 678 1368 idem
696 1321 787 1384 papa
809 1303 904 1367 dedit
925 1304 959 1368 in
983 1324 1080 1367 man-

122 1397 219 1461 datis
240 1399 498 1483 archiepiscopo
515 1410 722 1478 memorato,
747 1403 783 1465 in
804 1403 934 1467 virtute
957 1405 1080 1484 pracci-

122 1497 226 1578 piens
242 1499 460 1575 obedientiae,
477 1519 519 1564 ne
536 1501 570 1562 in
587 1501 700 1583 ipsum
718 1521 834 1582 regem
850 1507 911 1564 aut
934 1521 1078 1583 reguum

124 1596 217 1678 ejuS,
239 1598 297 1661 vel
323 1617 487 1680 personas
516 1602 622 1680 regni,
649 1600 826 1665 interdicti
851 1619 912 1664 seu
940 1611 1080 1665 excom-

124 1697 374 1760 municationis
404 1698 459 1762 vel
494 1701 728 1780 suspensionis
760 1700 969 1764 seutentiam
999 1720 1080 1783 pro·

125 1796 314 1876 mulgeret,
340 1797 407 1859 nisi
430 1797 521 1860 idem
549 1818 610 1861 rex
633 1800 669 1861 in
697 1819 761 1863 sua
788 1798 978 1880 pertinacia
1004 1819 1082 1882 per-

125 1914 293 1959 severans
315 1903 397 1961 ante
411 1896 554 1984 initium
578 1896 862 1980 Quadragesimae
884 1898 949 1960 sibi
974 1899 1081 1981 grati-

125 2014 184 2056 am
218 2013 316 2057 suam
343 1981 420 2058 non
439 1995 597 2059 redderet
627 2004 662 2059 ct
690 1981 780 2060 hona
795 1981 923 2059 'omnia
952 1996 1017 2058 sibi
1046 2004 1081 2060 et

126 2094 202 2155 suis
229 2094 440 2172 restitueret,
461 2095 585 2158 animae
612 2113 683 2158 suaa
710 2096 822 2158 saluto
850 2101 884 2158 et
907 2096 1004 2175 regni
1027 2097 1081 2158 sui

126 2191 290 2254 similiter
309 2199 344 2254 et
361 2192 536 2258 haeredum
559 2213 701 2257 suorum
719 2200 887 2276 perpetua
910 2193 1081 2276 tranquil·

123 2291 240 2353 litate.

182 2465 233 2526 De
247 2466 404 2547 martyrio
420 2466 530 2554 montio
547 2465 628 2530 beart
646 2466 777 2544 lhomae,
796 2466 1032 2531 Oaciuaricnsis

489 2565 721 2650 archiepiscopi.

182 2688 273 2754 Hoc¹
287 2687 394 2770 igitur
421 2687 653 2752 tribulationis
679 2688 759 2767 igne
787 2693 822 2749 et
850 2688 975 2751 mentis
1001 2706 1177 2770 pas-uentu
1231 2755 1242 2795 t

128 2789 229 2852 sione
254 2787 435 2852 confossus
451 2788 603 2850 Thomas
619 2786 795 2850 confessor
817 2785 967 2850 invictus
991 2807 1081 2851 mar·
1095 2758 1228 2849 imm

128 2887 274 2970 tyrium,
291 2887 382 2969 quod
400 2887 552 2950 nondum
568 2885 719 2967 suscepit
736 2885 773 2947 in
790 2903 945 2966 corpore,
964 2902 1084 2950 serva-

128 2987 185 3051 vit
205 2988 243 3049 in
260 2994 397 3065 mente3
420 2987 541 3050 videns
562 2985 652 3048 enim
674 2985 785 3060 illum,
806 2985 865 3066 qui
883 2992 989 3067 caput
1008 3003 1083 3050 esse

129 3087 255 3150 debuit
277 3085 431 3149 ecclcsiae
452 3085 644 3160 militantis,
663 3083 754 3166 quod
771 3101 809 3146 se
826 3101 896 3146 non
919 3085 1082 3165 opposuit

129 3205 284 3260 murum,
301 3191 341 3248 ut
361 3192 471 3248 staret
494 3204 557 3266 pro
579 3184 677 3246 eain
698 3183 752 3246 die
776 3181 899 3264 praelii,
922 3181 981 3244 sed
1003 3194 1084 3246 conss

128 3305 257 3350 versus
278 3291 332 3346 est
349 3291 536 3347 retrorsum
555 3282 651 3347 velut
678 3283 767 3345 aries
786 3297 917 3344 cornua
933 3299 1002 3343 nou
1022 3280 1084 3344 ha·

129 3386 233 3460 bens,
259 3384 353 3446 omni
379 3382 529 3446 humano
558 3382 745 3445 destitutus
770 3379 895 3444 solatio
926 3378 969 3441 ad
995 3378 1084 3443 divi-

130 3503 216 3547 num
249 3481 408 3561 confugit
438 3481 620 3556 auxilium,
652 3481 864 3543 incessanter
895 3496 958 3559 pro
990 3484 1086 3544 statu

131 3582 292 3646 ecclesiae
309 3599 424 3656 oranS,
439 3599 564 3663 corpus
582 3597 681 3643 suum
698 3577 734 3639 in
751 3576 881 3657 vigiliis
897 3584 933 3639 et
941 3576 1087 3660 jejuniis

130 3700 330 3758 macerans,
352 3686 416 3762 pro
434 3698 472 3742 se
496 3676 780 3760 persequentibus
802 3681 838 3738 et
856 3674 935 3738 odio
958 3675 1090 3740 habeu-

130 3782 229 3845 tibus
246 3798 368 3861 preces
386 3778 546 3854 fundens,
557 3775 784 3858 lachrymosis
801 3774 959 3856 suspiriis
975 3775 1090 3841 Deum

132 3879 326 3943 sollicitare
349 3878 498 3952 studuit,
518 3885 558 3940 ut
582 3874 761 3940 ecclesiam
787 3887 993 3937 conservare
1013 3875 1090 3956 diga

133 3986 292 4055 paretur,
314 3986 418 4060 quam
441 3976 586 4039 redemit
606 3981 642 4038 et
661 3972 801 4072 proprio
819 3971 989 4052 sanguine
1007 3991 1092 4035 oon-

133 4077 300 4141 secravit.
337 4070 444 4152 ¹Quis
462 4075 552 4138 enim
571 4073 674 4156 hujus
691 4071 756 4135 viri
774 4069 841 4134 Dei
858 4071 1039 4149 angustias
1057 4079 1093 4134 et

142 4287 145 4290 .
173 4249 182 4280 ¹
196 4249 260 4304 Quis
269 4248 355 4310 enim]
372 4247 420 4296 Sea
434 4247 474 4295 his
490 4247 566 4295 letter
579 4250 605 4294 to
618 4244 730 4306 Conrad,
745 4243 903 4293 archdsacou
915 4241 946 4290 oi·
961 4243 1095 4306 Mayence,

133 4322 342 4381 fflmmm
705 4325 708 4332 '

188 4409 270 4458 VOh.
289 4409 331 4455 ΙΙ.
928 4406 946 4451 Ζ
