3190 5202
456 583 596 633 vnonns
619 584 891 636 u1sron1lnuu.
1103 573 1147 638 la

194 740 399 806 transmisit.
452 742 582 806 Eodem
608 762 701 806 anno
730 750 830 808 tanta
861 752 937 809 erat
966 743 1147 810 inundatio
1158 763 1215 805 an.
1225 763 1282 803 roa.

195 842 406 924 pluviarum,
421 848 588 924 quantam
611 862 712 906 nemo
738 844 942 908 meminerat
960 853 1063 908 antea
1090 865 1147 909 ac·

195 941 345 1020 cidisse;
368 941 504 1018 deinde,
519 942 785 1024 superveniente
806 950 961 1027 tempore
983 943 1146 1027 hyemali,

196 1039 339 1103 flumina
359 1043 411 1104 ita
433 1048 516 1105 sunt
539 1042 723 1123 congelata
747 1049 787 1106 ut
809 1044 1046 1124 equitantibus
1068 1063 1146 1126 per·

196 1139 358 1203 meabilia
378 1140 687 1217 viderentu1·,sed,
711 1139 849 1204 tandem
875 1142 955 1223 gelu
981 1142 1146 1220 resoluto,

196 1237 365 1302 confracti
388 1246 472 1303 sunt
488 1247 612 1322 pontes
637 1239 837 1322 glacialium
853 1241 985 1324 impetu
1011 1249 1146 1306 crusta·

196 1356 284 1400 rum.
332 1337 412 1402 Hoc
436 1357 573 1422 quoquo
592 1358 683 1402 anno
699 1331 795 1416 ¹Ivo,
812 1340 1035 1405 Belvaceusis
1057 1360 1147 1422 prae·

196 1437 343 1518 posituS,
370 1453 391 1500 a
423 1456 517 1521 papa
545 1437 688 1503 Urbano
715 1445 936 1503 consecratus
963 1439 1146 1523 episcopus

199 1534 434 1600 carnotensis.
495 1537 626 1600 Eodem
659 1555 750 1601 anno
784 1539 929 1602 baculus
959 1539 1091 1620 ignitus
1125 1557 1147 1601 a

198 1634 339 1698 meridie
363 1636 407 1698 ad
431 1635 627 1719 aquilonem
649 1657 713 1718 per
736 1637 858 1701 caelum
877 1637 958 1702 ferri
974 1637 1070 1700 visus
1094 1645 1148 1702 est

197 1733 356 1797 kalendis
372 1734 539 1816 Augusti,
556 1743 590 1798 et
613 1744 734 1800 secuta
755 1744 808 1800 est
822 1736 931 1800 sames
946 1736 1076 1814 valida,
1093 1735 1146 1800 sa-

198 1852 355 1914 memque
377 1841 478 1898 tanta
497 1835 692 1899 mortalitas
717 1835 905 1913 bominum,
930 1843 971 1900 ut
991 1836 1052 1900 vix
1076 1835 1147 1900 vivi

197 1931 392 1996 sufficerent
410 1939 564 1998 mortuos
585 1934 743 2016 sepelire.
792 1929 882 1998 ²Per
902 1934 993 1999 idem
1011 1942 1148 2017 tempus

197 2051 261 2094 rex
299 2031 496 2095 Willelmns
533 2052 554 2096 a
590 2033 696 2097 fratre
733 2033 889 2099 Roberto
924 2041 1147 2116 provocatus,

198 2130 290 2212 quod
303 2130 549 2214 jusjurandum
572 2151 643 2196 non
664 2133 883 2212 observasset
907 2132 1000 2215 quod
1023 2132 1074 2195 illi
1096 2132 1147 2196 fo-

197 2237 304 2306 cerat,
331 2231 369 2293 in
411 2229 661 2294 Normanniam
696 2231 957 2309 transfretavit;
990 2237 1037 2308 et,
1069 2250 1146 2294 curn

196 2328 322 2392 fratres
363 2330 588 2393 convenirent
627 2329 672 2393 ad
711 2331 933 2414 colloquium,
970 2329 1147 2413 juratores

198 2434 424 2510 utrorumque
459 2428 598 2512 culpam
638 2435 749 2493 totam
785 2431 822 2492 in
855 2450 972 2511 regem
1012 2429 1147 2493 resude-

197 2534 290 2590 rnnt.
345 2528 426 2591 Rex
456 2548 594 2611 quoque
625 2547 684 2592 eos
716 2530 897 2611 negligens
922 2536 956 2593 et
981 2528 1147 2592 iracunde

197 2626 377 2690 discedens
406 2628 587 2692 castellum
622 2629 779 2693 Burense
807 2629 935 2692 invasit
969 2635 1004 2691 et
1032 2629 1145 2710 oepit;

200 2733 375 2804 econtra,
408 2727 494 2791 Dux
517 2736 669 2792 castrum
697 2728 936 2809 Argentonum
970 2728 1074 2810 oepit,
1111 2733 1147 2791 et

197 2825 234 2887 in
271 2845 312 2888 eo
346 2827 522 2890 consulem
552 2828 645 2909 regis
676 2829 854 2909 Rogerum
888 2827 1146 2902 Pictavensem,

198 2931 234 2987 et
264 2944 342 2988 curn
373 2945 415 2990 eo
444 2926 572 2990 milites
602 2928 853 3009 septingentos
888 2934 923 2991 et
954 2925 1147 2989 Hulmense

198 3025 380 3087 castellum
410 3033 672 3107 consequenter.
725 3025 806 3088 Rex
833 3026 971 3089 interim
998 3043 1147 3089 summo·

199 3124 272 3186 neri
289 3123 371 3188 lecit
385 3125 509 3206 viginti
523 3123 631 3187 millia
646 3124 799 3206 peditum
821 3125 864 3188 de
887 3143 995 3206 regno
1012 3124 1148 3206 Anglo-

198 3242 287 3299 rum,
321 3231 361 3287 ut
389 3224 426 3286 in
456 3223 672 3287 Normannia
700 3223 948 3303 convenirent3
981 3224 1147 3306 quicum

199 3322 243 3384 ad
266 3341 361 3386 maro
377 3324 555 3394 venissent
577 3324 769 3400 transituri,
793 3343 855 3387 rex
878 3343 901 3387 a
921 3322 1067 3404 singulis
1090 3342 1147 3387 eo-

198 3439 274 3484 rum
301 3423 481 3504 pecuniam
502 3423 688 3487 victualem
718 3423 834 3486 decem
864 3421 995 3486 scilicet
1017 3421 1146 3485 solidos

199 3521 383 3603 accipiens
417 3541 534 3585 omnes
566 3522 706 3586 domum
738 3521 879 3585 remisit.
945 3521 1030 3584 Dux
1063 3538 1146 3583 vero

200 3609 374 3683 Robertns
406 3621 553 3685 adduxit
581 3622 619 3684 in
651 3620 904 3685 Normanniam
945 3617 1146 3700 Philippum

198 3738 315 3799 regem
345 3719 571 3795 Francorum,
601 3727 637 3783 et
668 3720 860 3784 exercitum
890 3719 1079 3800 copiosum,
1106 3726 1146 3783 ut

198 3818 371 3880 obsideret
394 3819 487 3900 apud
514 3825 665 3882 castrum
689 3820 732 3885 de
758 3817 858 3884 Auco
880 3837 996 3898 regem
1011 3817 1146 3881 Willel-

197 3935 310 3996 mum;
333 3917 393 3979 sed
414 3937 477 3980 rex
492 3919 717 3994 Francorum,
739 3919 894 4001 pecuniae
911 3917 1060 3980 tenebris
1084 3937 1147 3981 ex·

197 4022 362 4088 caecatuS,
391 4016 492 4080 rediit
523 4017 560 4080 in
588 4018 770 4081 Franciam
803 4024 838 4080 et
865 4016 1040 4080 exercitus
1070 4016 1145 4099 ejus

234 4221 242 4252 ¹
254 4222 320 4286 loa]
336 4223 412 4284 Upon
423 4223 465 4272 tbe
476 4223 535 4274 date
546 4225 575 4273 ol
591 4221 658 4273 Ivo's
718 4221 729 4254 ²
740 4226 792 4274 Per
803 4225 865 4274 idem
877 4223 990 4288 tempas]
1003 4223 1148 4288 According

196 4293 369 4353 appointmrnt
384 4297 410 4342 to
429 4292 471 4342 tha
488 4309 531 4342 sae
541 4295 571 4343 ol
578 4294 658 4344 Char·
683 4300 708 4343 to
719 4297 761 4344 the
773 4296 833 4345 Sax.
846 4295 939 4345 Cbron.
954 4295 981 4344 in
996 4296 1039 4345 tho
1050 4293 1148 4344 follow·

197 4367 256 4426 tres,
267 4375 309 4412 see
322 4363 398 4425 Pagi,
409 4362 442 4412 ad
454 4377 494 4414 an.
508 4368 581 4427 1092,
591 4362 604 4429 §
616 4367 640 4412 8.
682 4369 725 4428 ing
736 4379 806 4428 year.
