3144 5180
479 533 545 598 306
734 547 869 599 nocunr
894 548 940 598 nu
962 544 1172 598 wunuovu'n‘

321 725 377 766 au.
388 725 445 764 net·
483 725 582 771 ouem
599 725 698 772 suam
720 707 999 791 archiepiscopus
1021 708 1066 771 ab
1082 700 1238 770 Henrico
1252 697 1325 769 filio
1338 706 1433 786 regis

484 813 519 870 et
534 806 670 870 haerede
688 814 793 889 atque
808 826 830 870 a
845 805 1041 890 justiciario
1057 807 1156 887 regni
1173 807 1261 869 liber
1278 812 1313 869 et
1330 805 1433 868 abso-

484 906 579 969 lutus
601 907 645 970 ab
671 908 764 970 omni
786 906 967 970 ratiocinio
987 906 1054 969 init
1075 906 1275 986 assignatus
1299 904 1435 985 episco-

485 1022 563 1086 puS,
586 1003 666 1085 [et,]
695 1023 738 1068 ne
761 1003 893 1087 injusto
913 1004 1200 1068 condemnaretur
1216 1002 1362 1086 judicio,
1378 1020 1435 1064 se-

485 1102 563 1165 dem
581 1103 808 1184 apostolicam
823 1103 1025 1184 appellavit,
1035 1110 1083 1179 et,
1092 1103 1157 1165 suh
1168 1120 1273 1184 poeua
1290 1100 1434 1164 anathe-

486 1199 601 1277 matis,
622 1208 694 1264 tam
714 1202 787 1265 suis
807 1201 1035 1282 suffraganeis
1055 1201 1227 1283 episcopis
1245 1218 1349 1283 quam
1371 1199 1437 1262 lai-

486 1300 537 1362 cis
553 1300 737 1377 universis,
757 1320 799 1363 ue
818 1300 854 1362 in
870 1307 1003 1382 patrem
1019 1319 1120 1363 suum
1136 1307 1172 1363 et
1185 1297 1339 1382 judicem
1354 1316 1436 1361 sen-

487 1397 631 1470 tentiam
648 1397 842 1480 proferrent
856 1397 1010 1479 iniquam
1029 1398 1226 1480 [praecepit]
1243 1417 1251 1476 ;
1274 1415 1436 1479 proceres

486 1485 571 1558 nero
583 1503 619 1559 et
629 1496 793 1578 episcopi,
806 1496 867 1579 qui
879 1496 922 1560 ed
936 1496 1002 1566 hoc
1013 1486 1129 1562 'vocati
1143 1503 1244 1560 eraut
1258 1515 1281 1559 a
1293 1515 1387 1576 rege,
1397 1495 1436 1557 in

488 1613 578 1656 eum
591 1594 813 1658 nihilominus
844 1585 915 1659 uon
942 1596 1138 1661 convictum
1164 1614 1283 1677 neque·
1301 1593 1436 1658 conses-

468 1707 577 1765 sum,
595 1693 655 1756 sed
673 1693 893 1776 privilegium
911 1695 1066 1758 ecclesiae
1086 1713 1159 1758 suaa
1177 1699 1213 1758 et
1233 1712 1331 1757 suam
1352 1712 1436 1776 pro·

490 1797 688 1870 testantem,
710 1793 915 1856 senteutiam
937 1794 1171 1871 intorserunt3
1199 1799 1235 1856 et
1251 1793 1302 1856 sic
1323 1791 1438 1855 archi-

489 1881 671 1972 episcopus
694 1892 729 1954 in
752 1899 849 1955 arcto
871 1893 1005 1974 positus
1025 1899 1061 1956 et
1082 1891 1275 1974 opprobriis
1294 1891 1437 1953 lacessi-

489 1995 559 2064 tus,
573 1990 735 2072 omnique
747 1991 987 2072 episcoporum
1005 1989 1130 2055 solatio
1146 1990 1345 2066 destitutus,
1359 2005 1439 2052 cru-

486 2105 576 2163 cem,
598 2107 701 2169 quam
723 2105 829 2151 manu
850 2091 1002 2166 tenebat,
1023 2091 1060 2152 iu
1082 2091 1191 2153 altum
1216 2089 1329 2152 erexit
1352 2096 1387 2150 et
1414 2105 1439 2150 a

488 2186 587 2250 curia
608 2179 723 2268 palam
744 2187 907 2266 recessit3
935 2189 1053 2269 sicque
1073 2188 1231 2270 sequenti
1254 2194 1355 2251 nocte
1371 2185 1441 2250 vil-

486 2284 559 2346 lam
586 2285 737 2350 latenter
760 2287 952 2368 egrediens,
976 2293 1012 2350 et
1037 2288 1081 2351 ab
1103 2285 1301 2369 aspectibus
1325 2284 1440 2348 homi·

490 2402 572 2445 num
598 2401 635 2446 se
658 2385 778 2448 diebus
802 2379 1037 2462 ¹subtreheus,
1059 2392 1095 2449 et
1117 2385 1160 2448 de
1187 2384 1346 2447 noctibus
1370 2384 1440 2447 iter

490 2481 691 2561 expediens,
708 2490 789 2565 post
804 2483 877 2546 dies
897 2484 1030 2566 aliquot
1052 2484 1096 2547 ad
1118 2480 1291 2546 Sundwici
1314 2501 1439 2564 perve-

490 2579 542 2640 nit
563 2587 713 2660 portum,
731 2584 790 2645 ubi
806 2583 842 2644 in
862 2582 1024 2646 navicula
1039 2582 1154 2663 fragili
1176 2581 1212 2645 in
1229 2581 1439 2644 'Flandriam

489 2683 544 2739 est
568 2683 807 2758 transvectus3
837 2687 937 2743 actus
966 2699 1049 2762 ergo
1073 2680 1110 2742 in
1136 2680 1278 2742 exilium
1306 2677 1440 2742 Christi

490 2773 667 2837 confessor
686 2796 708 2840 a
725 2777 863 2842 domino
880 2797 972 2861 papa
988 2777 1192 2842 Alexandro
1213 2778 1360 2842 Senonis
1382 2797 1441 2840 re·

486 2878 610 2953 ceptus
634 2881 687 2938 est
711 2883 746 2939 et
767 2877 804 2939 in
826 2875 1086 2942 Pontiniacensi
1107 2877 1317 2941 monasterio
1341 2894 1438 2940 com·

488 2970 681 3036 mendatus.

519 3139 678 3226 Allepotio
694 3143 874 3208 nanterum
891 3145 971 3230 rapio
985 3155 1092 3210 contro
1109 3145 1227 3210 leolum
1243 3145 1401 3223 lhomum,

695 3242 946 3308 contumacem
961 3244 1232 3331 archiepiscopum.

326 3365 459 3415 emmae
540 3365 642 3430 Missi
662 3373 745 3429 sunt
761 3366 882 3430 eodem
903 3375 1057 3450 tempore
1077 3361 1206 3432 ²nuntii
1226 3385 1247 3430 a
1264 3385 1346 3448 rege
1364 3365 1441 3431 Au-

326 3417 386 3462 Seno,
394 3416 477 3464 against

326 3465 413 3504 Bm·
488 3463 623 3544 giorum
653 3464 696 3527 ad
727 3483 855 3546 papum
883 3464 1051 3543 Senonas,
1078 3469 1138 3549 qui
1168 3467 1204 3529 iu
1231 3465 1442 3530 consistorio

489 3580 606 3626 coram
626 3582 668 3625 eo
687 3563 773 3626 talia
790 3563 1009 3645 allegabant3
1035 3565 1134 3630 Inter
1149 3565 1329 3638 Thomam,
1348 3562 1444 3626 Gan-

524 3763 533 3796 ¹
551 3763 732 3837 svamm]
755 3768 841 3818 ‘Cum
858 3770 949 3831 tribus,
1011 3767 1157 3834 'Nuntii.]
1174 3771 1260 3831 Ralph
1281 3771 1315 3821 de
1336 3771 1445 3836 Diceto,

488 3836 597 3886 Roberto
613 3837 645 3886 de
660 3837 740 3899 Cava,
757 3839 883 3901 Eacauan,
899 3839 950 3888 Ro·
974 3840 1023 3888 col.
1050 3844 1108 3890 58⁷.
1150 3837 1206 3889 'l'hc
1233 3840 1385 3903 archbishop
1405 3844 1448 3891 os

489 3920 548 3968 gero
567 3907 599 3955 de
619 3906 699 3956 Brai.’
717 3907 802 3957 Dicet.
823 3908 872 3957 col.
891 3912 949 3970 557,
974 3908 1054 3969 York,
1065 3909 1108 3958 the
1118 3910 1222 3971 bishops
1233 3910 1263 3959 oi
1269 3910 1443 3974 winchester,

487 3989 567 4037 marg.
611 3975 653 4024 He
675 3975 726 4024 had
743 3976 806 4025 with
825 3976 879 4025 him
897 3981 949 4026 two
967 3976 1089 4040 Loudou,
1114 3978 1229 4038 Chester,
1255 3979 1306 4027 and
1334 3980 1444 4042 Exoter,

477 4043 629 4108 ¹Cistercinn
642 4045 727 4106 iriars,
737 4045 801 4094 Rob.
815 4045 848 4094 de
860 4045 948 4095 Cauno
972 4046 1015 4094 the
1042 4047 1095 4096 earl
1117 4047 1146 4096 oi
1164 4047 1291 4108 Arundel,
1316 4048 1387 4098 John
1412 4053 1448 4100 of

487 4112 537 4160 and
561 4113 687 4174 scaiman,
704 4115 754 4164 and
773 4130 820 4163 one
839 4120 949 4178 servant,
974 4113 1084 4178 Oxiord3
1098 4117 1149 4165 and
1167 4116 1239 4165 other
1255 4117 1349 4179 clerks,
1363 4119 1444 4168 iom-

486 4181 571 4242 Roger
582 4182 614 4230 de
629 4183 710 4243 Broc;
728 4181 829 4233 Hov'ed.
846 4199 872 4244 p.
890 4186 947 4235 495.
973 4185 1006 4233 ed
1023 4184 1065 4234 the
1083 4187 1220 4246 embassy;
1244 4200 1286 4236 see
1304 4187 1444 4252 Hoveden,

475 4249 611 4311 'Compare
624 4251 774 4314 Quadrilog.
787 4268 813 4314 p.
824 4257 866 4303 53.
972 4269 999 4315 p.
1012 4257 1069 4304 495.
