3190 5202
494 535 539 602 38
747 551 881 602 uocatu
907 553 954 600 na
977 551 1186 602 wranovnu

334 725 388 766 ao.
400 727 457 768 toa.
495 707 612 794 pedire
626 709 767 772 curabo.
820 707 987 772 Delatum
1002 712 1056 771 est
1072 707 1104 770 ei
1122 703 1322 790 aliquando,
1336 723 1454 788 quen·

495 807 576 872 dam
590 808 634 871 de
648 808 791 871 summis
813 808 1013 890 proceribus
1037 806 1109 870 suis
1129 806 1172 869 de
1194 823 1236 870 oo
1257 805 1453 871 occidendo

495 927 573 972 cum
588 908 660 972 suis
676 907 834 971 hostibus
851 907 1054 971 convenisse
1067 925 1076 985 3
1093 925 1156 970 rex
1172 912 1287 968 autem
1302 923 1453 970 accusa-

496 1007 563 1073 tori
589 1007 765 1070 silentium
781 1007 978 1089 imperavit,
995 1005 1091 1070 siluit
1107 1010 1143 1069 et
1159 1023 1221 1067 rex
1236 1004 1311 1086 ipse
1328 1004 1451 1087 prodi-

497 1107 595 1184 toris,
606 1107 666 1189 qni
681 1113 763 1169 tunc
778 1105 867 1169 sorte
883 1106 1015 1182 aberat,
1027 1104 1213 1168 adventum
1225 1111 1450 1186 exspectans.

497 1204 669 1283 Quicum
696 1201 740 1268 ad
768 1203 898 1268 onnam
921 1223 999 1269 cum
1024 1221 1153 1284 magno
1175 1211 1345 1285 apparatu
1370 1205 1448 1284 regi

496 1303 722 1367 insidiaturus
751 1303 915 1380 venisset,
940 1301 1043 1386 jubet
1079 1321 1141 1366 rex
1172 1321 1305 1366 summo
1344 1321 1449 1366 manc

496 1421 575 1466 eum
599 1403 743 1467 canibus
777 1419 896 1465 omnes
920 1409 1104 1466 venatores
1133 1401 1275 1478 adesse3
1308 1408 1447 1466 etcum

492 1501 567 1585 jam
593 1521 719 1566 aurora
736 1501 921 1578 illuxisset,
943 1521 1019 1579 rex,
1034 1499 1168 1565 cunctis
1190 1500 1387 1582 proceribus
1409 1507 1447 1566 ot

497 1601 663 1665 militibus
694 1600 887 1684 advocatis,
908 1607 1072 1665 venatum
1093 1601 1144 1663 ire
1170 1598 1324 1675 festinat,
1346 1599 1444 1663 veni-

497 1717 628 1783 ensque
654 1699 698 1764 ad
729 1700 902 1782 quandam
935 1698 1042 1763 latam
1068 1698 1259 1780 planitiem,
1281 1716 1384 1780 quam
1407 1699 1445 1761 in

497 1797 637 1862 modum
669 1817 806 1862 coronae
830 1798 919 1862 silva
950 1797 1155 1862 densissima
1185 1796 1357 1878 cingebat,
1380 1817 1443 1861 rex

497 1915 612 1960 secum
636 1897 672 1959 in
692 1915 734 1959 ea
754 1915 855 1960 suum
879 1897 1022 1961 retinuit
1037 1896 1259 1978 proditorem,
1273 1914 1445 1960 seorsum·

497 2011 576 2078 que,
594 1995 671 2059 aliis
697 2013 802 2060 canes
821 2003 856 2059 et
871 1995 961 2060 seras
978 1995 1250 2077 insequentibus,
1265 2013 1288 2057 a
1310 1996 1445 2058 caeteris

496 2091 592 2158 solus
618 2113 694 2158 cum
721 2095 796 2160 solo
818 2096 972 2159 recessit.
1023 2093 1080 2158 Ab
1105 2095 1198 2158 omni
1220 2093 1368 2176 denique
1390 2113 1445 2158 re-

495 2201 610 2259 motus
638 2204 781 2278 aspectu
799 2195 955 2258 substitit
971 2214 1047 2272 rex,
1063 2202 1098 2258 et
1114 2193 1300 2276 respiciens
1314 2193 1351 2256 in
1365 2213 1445 2275 pro-

496 2293 641 2358 ditorem
674 2295 785 2373 dixit3
814 2293 951 2369 ‘Ecca’
978 2293 1102 2374 inquit,
1127 2299 1213 2373 ‘ego
1245 2299 1280 2356 et
1308 2298 1347 2355 tu
1372 2313 1445 2356 me·

496 2411 586 2469 cum,
618 2391 713 2456 solus
747 2411 824 2455 cum
847 2393 934 2468 solo,
962 2392 1132 2455 similibus
1155 2391 1303 2473 protecti
1328 2393 1445 2470 armis,

497 2491 595 2573 cquis
611 2490 780 2554 similibus
795 2491 898 2567 vecti,
914 2509 983 2554 non
1007 2498 1061 2555 est
1078 2491 1138 2574 qui
1150 2492 1280 2566 videat,
1299 2510 1368 2554 non
1392 2500 1446 2557 est

498 2590 558 2671 qui
572 2588 705 2665 audiat,
722 2609 785 2652 nec
803 2588 863 2672 qui
881 2588 981 2653 alteri
1002 2597 1158 2654 nostrum
1175 2589 1378 2671 suffragium
1395 2589 1446 2654 fe-

497 2695 574 2768 rat3
598 2689 627 2752 si
646 2686 752 2768 igitur
768 2688 875 2752 habes
890 2709 961 2765 cor,
979 2688 1011 2751 si
1027 2689 1133 2765 vales,
1156 2689 1185 2752 si
1204 2687 1324 2766 audes,
1338 2689 1446 2772 imple

498 2787 591 2870 quod
607 2789 829 2870 proposuisti,
839 2787 942 2852 redde
956 2788 1113 2851 hostibus
1128 2789 1213 2851 meis
1227 2795 1262 2851 et
1272 2790 1446 2871 complici·

498 2887 563 2948 bus
576 2888 643 2950 tuis
658 2886 750 2968 quod
765 2887 965 2969 promisisti.
996 2886 1034 2950 Si
1049 2888 1138 2951 enim
1153 2906 1209 2950 me
1222 2889 1446 2953 occidendum

498 2981 615 3067 putas,
632 2986 770 3066 quando
790 2985 929 3062 rectius,
952 2986 1092 3068 quando
1109 2987 1287 3064 secretius,
1305 2989 1445 3070 quando

498 3083 657 3162 virilius3
697 3085 727 3147 si
757 3103 926 3148 venenum
958 3087 1102 3166 parasti,
1131 3085 1196 3150 boo
1224 3085 1445 3150 muliercula-

497 3201 573 3245 rum
599 3201 674 3246 esse
690 3183 769 3264 quis
785 3184 942 3248 nescisti
983 3184 1021 3248 Si
1035 3185 1163 3249 lectulo
1176 3185 1364 3261 insidiaris,
1379 3185 1445 3250 hoc

497 3281 664 3344 adulterae
689 3290 855 3363 possunt3
887 3283 918 3346 si
944 3282 1073 3347 ferrum
1105 3288 1147 3347 ut
1178 3283 1312 3347 occulte
1340 3284 1445 3348 serias

497 3380 720 3458 abscondisti,
743 3380 809 3444 hoc
836 3380 953 3445 sicarii
978 3389 1014 3445 et
1035 3402 1105 3446 non
1127 3381 1246 3446 militis
1269 3399 1346 3446 esse
1371 3383 1446 3447 offi-

496 3480 598 3558 cium,
614 3499 713 3544 nemo
729 3487 783 3544 est
799 3481 859 3561 qui
875 3480 1019 3545 dubitet.
1070 3480 1150 3563 Age
1172 3495 1259 3562 ergo*
1270 3483 1362 3563 quod
1377 3485 1444 3547 viri

496 3587 549 3642 est
571 3589 606 3644 et
623 3580 754 3656 militis,
781 3585 816 3643 et
838 3580 932 3642 solus
957 3598 1035 3642 cum
1060 3581 1135 3645 solo
1161 3581 1381 3661 congredere,
1404 3590 1445 3646 ut

495 3679 618 3743 saltem
642 3679 792 3761 proditio
807 3684 868 3741 tua
885 3678 1098 3760 turpitudine
1120 3686 1249 3756 carcat,
1264 3700 1345 3761 quae
1366 3681 1444 3744 infi-

494 3777 636 3841 delitate
663 3797 781 3841 carere
810 3796 878 3839 non
904 3779 1043 3858 potest!
1096 3777 1201 3841 Miles
1227 3787 1342 3842 autem
1368 3780 1442 3844 haec

494 3876 648 3952 audiens,
673 3896 756 3940 mox
771 3876 886 3940 verbis
902 3877 993 3956 regis
1011 3878 1112 3960 quasi
1134 3877 1236 3959 gravi
1257 3897 1441 3959 percussus

494 3974 648 4052 fulmine,
677 3993 722 4038 ex
756 3993 845 4057 equo
874 3976 911 4038 in
941 3984 1068 4041 terram
1099 3978 1241 4054 corruit,
1268 3977 1442 4061 armisque

492 4075 656 4158 projectis
683 4075 727 4138 ad
750 4074 855 4158 pedes
881 4076 994 4156 regios
1014 4096 1091 4140 cum
1113 4075 1300 4159 lachrymis
1319 4085 1355 4140 et
1372 4084 1442 4140 tre-

493 4193 587 4236 more
611 4175 773 4238 cucurrit.
826 4174 891 4238 Cui
917 4193 992 4252 rex,
1015 4175 1121 4240 ‘Noli
1145 4175 1290 4252 timere,’
1314 4175 1441 4258 inquit,

493 4272 597 4350 ‘quia
613 4271 697 4334 nihil
712 4272 794 4335 mali
817 4293 838 4336 a
860 4293 914 4336 me
930 4276 1095 4355 patieris!
1148 4274 1219 4353 Qui
1241 4295 1320 4338 cum
1343 4277 1375 4338 ei
1397 4275 1441 4339 de
