3144 5180
475 513 542 578 308
729 529 864 577 noonnr
888 527 935 574 on
959 521 1166 576 wonoovnn

316 697 446 742 A1⁰·¹¹⁶⁴·'
478 682 621 752 naretur
631 683 647 764 3⁴
661 685 721 748 sed
737 705 827 762 cum,
842 684 989 748 reversis
1001 684 1140 766 legatis,
1158 704 1220 748 rex
1233 685 1270 746 in
1286 684 1350 747 ba'c
1368 704 1427 766 pe-

477 783 600 851 titione
625 803 700 848 sese
720 784 942 866 cognovisset
963 784 1070 846 fuisse
1094 784 1281 866 repulsum,
1295 785 1352 850 ira
1370 803 1428 847 ve·

479 885 628 949 hementi
645 883 824 947 incanduit
842 889 878 946 et
896 882 960 945 has
975 887 1158 964 sequentes
1173 883 1292 948 literas
1308 883 1428 963 singu·

478 984 521 1048 lis
538 983 678 1064 Angliae
693 981 951 1046 vicecomitibus
970 981 1114 1044 subhac
1131 981 1242 1044 forma
1259 981 1385 1044 direxit
1402 1001 1411 1058 ;

509 1151 623 1216 Litora
640 1153 720 1238 repis
736 1151 782 1216 od
795 1151 994 1215 vicecomitem
1011 1152 1129 1216 comte
1143 1160 1252 1216 contro
1270 1151 1396 1216 clericos

838 1248 918 1314 boati
936 1250 1063 1314 Tbomae.

315 1389 452 1480 3223qu
528 1368 741 1457 ‘Praeoipio¹
770 1373 845 1449 tibi,
869 1374 1014 1456 quodsi
1043 1372 1169 1456 aliquis
1199 1374 1344 1437 clericus
1367 1375 1424 1437 vel

316 1489 422 1585 quoqa
437 1440 624 1538 ⁰laicus
614 1493 650 1536 m
678 1472 810 1536 balliva
838 1479 899 1536 tua
921 1472 1116 1536 Romanam
1149 1473 1279 1535 curiam
1304 1473 1425 1554 appel-

340 1543 389 1578 ⁰¹²²
477 1569 614 1648 laverit,
635 1571 711 1635 e'nm
732 1571 851 1652 capias
873 1577 910 1635 et
928 1571 1071 1634 firmiter
1093 1579 1212 1635 teneas
1236 1572 1344 1635 donec
1360 1591 1423 1635 vo·

478 1671 647 1734 luntatem
659 1688 769 1733 meam
780 1669 996 1752 praecipiam3
1014 1676 1049 1733 et
1059 1687 1178 1733 omnes
1192 1668 1343 1732 redditus
1353 1669 1422 1732 ole-

478 1770 627 1833 ricornm
651 1766 898 1850 archiepiscopi
920 1775 955 1832 et
977 1768 1214 1850 possessiones
1239 1768 1360 1831 saisias
1382 1768 1423 1831 in

477 1886 617 1930 manum
642 1885 765 1942 meam,
790 1874 826 1931 et
851 1867 1001 1930 omnium
1022 1866 1236 1943 clericorum,
1262 1867 1424 1948 quicum

477 1966 736 2048 archiepiscopo
764 1972 856 2043 sunt,
879 1973 996 2048 patres
1019 1972 1053 2029 et
1075 1972 1215 2042 matres,
1238 1965 1362 2029 fratres
1387 1975 1425 2029 et

477 2063 625 2142 sorores,
643 2070 786 2147 nepotes
804 2071 839 2127 et
856 2057 989 2146 neptes,
1008 2082 1114 2147 pones
1136 2083 1198 2146 per
1215 2065 1331 2128 salvos
1351 2065 1428 2146 ple-

477 2164 566 2244 gios,
590 2170 625 2228 et
646 2163 774 2227 catalla
793 2182 923 2240 eorum,
943 2162 1053 2227 donec
1076 2163 1289 2227 voluntatem
1311 2171 1426 2226 meam

475 2262 556 2325 inde
575 2261 794 2344 praecipiam
812 2268 846 2324 et
865 2260 930 2325 hoc
948 2261 1052 2325 breve
1074 2269 1188 2325 tecum
1203 2262 1328 2326 afferas
1343 2281 1425 2325 cum
1475 2331 1479 2338 ,

476 2361 704 2424 summonitus
730 2359 858 2423 fueris!
905 2358 1084 2424 Gileberto
1107 2379 1253 2443 qnoque,
1286 2359 1425 2424 Londo-

400 2457 408 2463 ’
478 2459 587 2522 niensi
609 2459 785 2542 episcopo,
804 2458 943 2541 scripsit
960 2459 996 2521 in
1018 2458 1093 2522 hee'c
1110 2460 1235 2537 verba;

518 2635 633 2700 Litora
648 2635 729 2719 rapio
747 2635 793 2698 od
803 2635 975 2721 episcoprum
990 2635 1231 2700 Loadooieatam
1247 2635 1328 2700 nodo
1345 2647 1380 2701 at

894 2756 1002 2818 stupro.

311 2864 380 2952 {qu
393 2915 417 2953 n
522 2851 670 2922 ‘Nosti'
685 2877 790 2942 quam
805 2860 894 2922 male
909 2858 1073 2935 Thomas,
1090 2858 1351 2923 Cantuariensis
1365 2877 1426 2920 ar-

310 2924 408 3010 nin‘ii'n
474 2956 725 3039 chiepiscopus,
748 2965 911 3041 operatus
931 2963 985 3020 est
1007 2957 1190 3021 adversum
1213 2976 1269 3019 me
1291 2964 1326 3020 et
1341 2977 1425 3037 reg-

472 3075 556 3118 num
585 3075 710 3132 meum,
737 3063 772 3120 et
798 3074 901 3138 quam
924 3055 1016 3119 male
1047 3055 1247 3134 recesserit;
1280 3063 1316 3119 et
1342 3055 1425 3121 ideo

472 3153 599 3218 mando
618 3155 693 3231 tibi,
712 3153 803 3237 quod
825 3154 940 3218 clerici
960 3154 1027 3231 sui,
1043 3155 1104 3236 qui
1121 3155 1345 3219 detraxerunt
1361 3155 1426 3220 ho-

471 3253 548 3316 nori
569 3271 646 3316 meo
664 3261 699 3317 et
721 3253 832 3334 regni,
855 3253 915 3335 qui
937 3253 1029 3316 circa
1050 3252 1163 3335 ip'sum
1185 3253 1326 3317 fuerunt
1341 3265 1427 3338 post

470 3351 591 3434 sugam
608 3345 717 3428 suam,
730 3370 799 3416 non
818 3352 1011 3434 percipiant
1026 3351 1157 3434 aliquid
1172 3351 1214 3414 de
1230 3352 1426 3420 redditibus

471 3451 556 3527 suis,
573 3469 659 3532 qnos
684 3449 879 3514 habuerunt
901 3451 936 3513 in
957 3451 1160 3531 episcopatu
1181 3457 1254 3526 tuo,
1275 3451 1340 3513 nisi
1356 3473 1426 3534 per

470 3567 537 3624 me,
554 3557 616 3612 neo
634 3548 784 3613 habeant
803 3549 942 3630 aliquod
962 3549 1132 3612 auxilium
1159 3549 1215 3612 vel
1237 3550 1425 3616 consilium

468 3665 492 3708 a
505 3646 560 3710 te'
589 3647 679 3711 Item
689 3648 894 3730 justiciariis
908 3647 981 3711 suis
997 3647 1278 3729 significavitper
1296 3647 1424 3754 literas

469 3747 535 3808 sub
551 3745 616 3810 hac
633 3747 766 3826 forma3

503 3933 511 3966 ¹
532 3933 688 3999 Praecipio]
720 3934 790 3984 lnter
812 3937 878 3997 Epp.
901 3936 927 3985 S.
988 3927 1345 4000 ²Nooti.]1uterEpp.ep.
1363 3937 1425 3987 xiii.

465 4004 579 4067 Thone,
589 4007 609 4057 i.
619 4020 661 4066 ep.
674 4021 717 4055 xv.
952 4003 1036 4053 ‘Dat
1074 4002 1149 4051 Teste
1169 4003 1281 4052 Ricardo
1301 4005 1333 4053 de
1354 4005 1424 4055 Luci

952 4073 1022 4134 apud
1034 4067 1194 4133 ltlerleberg.'
