3178 5194
422 521 488 584 422
680 533 815 582 noeunr
841 533 887 579 nu
911 531 1120 580 wnrrnovnn

492 769 580 850 Quod
593 767 792 835 sabadona
807 777 925 833 terram
938 777 1080 832 mactum
1094 767 1314 853 depopulator.

265 906 389 948 ωηατ·
476 893 582 958 Anno
605 892 748 958 Domini
773 906 1002 955 ucnxxxvu.
1025 891 1235 956 Salaadinus
1256 900 1379 957 contra

263 967 389 1048 olm·
428 993 645 1058 Christianos
667 991 905 1073 indignatione
926 1010 1114 1055 succensus
1129 991 1293 1070 Parthos,
1309 992 1378 1055 Be·

427 1093 592 1172 dewinos,
606 1092 755 1169 Turcos,
769 1091 974 1167 Saracenos,
997 1088 1144 1168 Arabes,
1159 1090 1283 1157 Medos
1299 1111 1379 1156 con·
1433 1130 1436 1135 -

427 1200 533 1259 vocat
547 1201 582 1258 et
597 1186 795 1268 ¹Cordinos,
809 1197 844 1254 ct
859 1189 914 1254 his
927 1190 1086 1254 omuibus
1103 1210 1181 1254 cum
1200 1191 1378 1275 AEgyptiis

427 1293 578 1376 stipatus
606 1291 692 1356 fines
714 1289 990 1355 Christianorum
1011 1291 1160 1355 conterit
1182 1297 1217 1358 et
1238 1298 1380 1354 contur-

427 1395 511 1472 bat;
545 1399 581 1457 et
598 1391 686 1476 jam,
701 1410 771 1454 non
787 1396 972 1454 contentus
986 1389 1079 1471 quod
1091 1409 1202 1472 parva
1218 1391 1378 1473 quedam

427 1491 464 1555 in
480 1490 631 1556 Galilaea
651 1490 875 1573 occupaverit
899 1489 1073 1572 praesidia,
1098 1488 1295 1554 Calvariarn
1317 1489 1378 1554 ob-

428 1590 539 1654 sidere
559 1589 735 1672 proponit.
786 1587 876 1652 Cum
898 1589 1050 1652 omnium
1071 1589 1179 1670 igitur
1199 1588 1377 1652 machina·

428 1709 504 1753 rum
527 1708 653 1771 genere
675 1688 759 1751 illuc
780 1693 995 1770 properaret,
1013 1686 1222 1770 Magistrum
1243 1686 1378 1751 militiae

428 1788 566 1871 Templi
583 1786 839 1852 cumfratribus
856 1787 1043 1870 sexaginta
1054 1794 1091 1852 et
1101 1786 1377 1852 Christianorum

428 1887 649 1953 multitudine
686 1885 884 1950 itinerando
915 1886 1062 1969 peremit
1089 1894 1125 1950 et
1155 1905 1232 1950 cum
1260 1887 1378 1969 palma

428 1988 586 2071 martyrii
608 1986 653 2051 ad
680 1986 835 2050 caelestia
856 2005 966 2068 regua
987 1987 1200 2067 transmisit3
1226 1985 1291 2051 hac
1312 1987 1379 2068 igi-

429 2094 487 2150 tur
521 2086 729 2151 Salaadinus
754 2085 902 2150 victoria
931 2084 1148 2150 exhilaratus
1177 2085 1222 2149 ad
1251 2086 1380 2150 obsidi-

428 2205 531 2250 onem
559 2185 732 2252 Calvariae
764 2185 933 2248 festinans
956 2185 1152 2250 contendit.
1205 2185 1286 2250 Rex
1317 2205 1379 2249 au-

427 2293 498 2350 tem
513 2284 747 2362 Hierusalem,
761 2292 801 2350 ut
820 2286 938 2348 urbem
961 2284 1095 2350 audivit
1107 2284 1286 2349 obsidione
1301 2285 1377 2350 val-

428 2385 535 2450 latam
558 2392 594 2450 et
614 2385 768 2449 inclusos
792 2384 1012 2448 vehementer
1036 2385 1157 2468 affligi,
1187 2384 1300 2449 edicto
1324 2404 1379 2448 re·

429 2485 488 2567 gio
513 2504 615 2549 omne
636 2485 734 2566 regni
761 2485 868 2548 robur
889 2485 1119 2564 convocavit3
1154 2485 1224 2548 illis
1250 2485 1379 2549 solum-

428 2583 532 2649 modo
556 2585 593 2649 in
612 2592 805 2648 castrorum
821 2582 983 2667 praesidio
1000 2584 1141 2662 relictis,
1155 2603 1244 2666 quos
1262 2585 1377 2648 aetatis

428 2690 465 2748 et
478 2702 584 2754 sexus
600 2683 783 2747 infirmitas
799 2702 973 2748 armorum
992 2702 1134 2766 prorsus
1150 2682 1300 2749 habebat
1313 2684 1377 2747 im-

427 2801 561 2846 munes.
606 2781 733 2847 Castra
752 2783 862 2863 igitur
881 2790 1061 2848 moventes
1082 2803 1105 2846 a
1128 2783 1223 2847 fonte
1245 2782 1378 2864 Sepho·

427 2881 553 2958 ritano,
578 2881 638 2944 ubi
660 2889 910 2959 convenerant,
934 2884 1056 2965 stipati
1080 2883 1227 2947 militum
1253 2882 1378 2964 viginti

427 2980 578 3043 millibus
595 2981 823 3044 incesserunt.
875 2980 1047 3048 Praefecto
1068 2983 1189 3065 itaque
1209 2982 1379 3046 exercitui

427 3079 636 3157 Reimundo,
654 3081 781 3144 comite
798 3079 1030 3163 Tripolitano,
1056 3101 1177 3148 versus
1204 3081 1379 3146 Tiberiam

426 3186 508 3243 sunt
526 3179 696 3263 profecti3
723 3199 870 3262 cumque
894 3179 1051 3246 funestus
1079 3181 1153 3245 dies
1180 3182 1378 3246 certaminis

425 3279 584 3356 instaret,
610 3280 800 3344 camerario
826 3280 920 3360 regis
944 3281 1032 3346 visio
1058 3281 1239 3345 tremenda
1267 3282 1378 3345 conti·

425 3379 490 3459 git,
516 3378 679 3444 videlicet
706 3377 800 3461 quod
821 3379 942 3460 aquila
962 3380 1123 3462 quaedam
1141 3379 1378 3445 Christianum

425 3477 659 3542 transvolaret
677 3477 880 3555 exercitum,
895 3498 974 3560 quae
997 3481 1144 3544 missilia
1165 3487 1298 3562 septem
1321 3500 1379 3562 ge-

423 3595 504 3639 rens
530 3577 565 3639 in
593 3577 739 3659 pedibus
763 3595 849 3642 voce
877 3579 1024 3644 terribili
1050 3587 1268 3663 personaret,
1292 3579 1377 3643 ‘Voe

423 3676 522 3738 vobis
541 3675 775 3753 Hierusalem,
790 3696 844 3740 vae
864 3679 964 3742 vobis
978 3677 997 3743 !’
1030 3678 1087 3742 Ad
1110 3678 1215 3762 hujus
1232 3679 1378 3744 visionis

422 3774 675 3856 expositionem
703 3775 858 3841 sufficere
883 3777 1044 3842 nimirum
1069 3779 1254 3856 credimus,
1280 3778 1377 3861 quod
1462 3821 1469 3837 ·

422 3872 573 3955 Spiritus
599 3874 749 3939 Sanctus
776 3875 820 3939 de
847 3878 1003 3958 reprobis
1028 3877 1185 3960 loquitur
1211 3897 1274 3960 per
1295 3897 1378 3961 pro-

420 3971 593 4053 phetam,‘
604 3974 769 4039 Tetendit
780 3975 951 4040 Dominus
968 3996 1088 4040 arcum
1104 3996 1219 4055 suum,
1235 3983 1270 4041 et
1281 3978 1317 4041 in
1333 3996 1376 4040 eo

419 4073 558 4152 paravit
575 4093 662 4138 vasa
676 4076 819 4138 mortis?

417 4238 614 4358 ¹·‹)‘¹e(2⁶orvit‘rros‚]
632 4259 660 4292 or
675 4242 717 4292 the
735 4243 837 4305 Gurds3
855 4260 898 4295 seo
910 4245 1022 4309 Gibbon‚
1034 4246 1085 4295 vol.
1101 4247 1138 4296 xi.
1154 4261 1181 4307 p.
1195 4249 1251 4309 124,
1269 4246 1319 4295 and
1335 4247 1378 4296 ibe
