3138 5184
323 754 378 793 Μ).
388 752 445 792 llll.

325 853 401 892 neruo
409 850 434 890 oi

325 903 362 941 the
370 901 461 940 Freneh.

482 553 550 619 242
735 569 868 617 nocam
893 569 940 616 on
962 566 1171 617 wunnovun

486 728 652 804 cinarum,
666 726 726 809 qui
741 726 846 790 etiam
863 743 939 790 cum
963 727 1176 809 principibus
1191 726 1235 790 de
1249 726 1350 790 modo
1369 725 1438 789 viae

487 836 522 892 et
541 825 655 891 diaetae
677 827 873 908 quantitate
896 823 1099 890 tractareutl
1146 827 1299 891 Praeibat
1318 830 1438 888 autem

487 927 548 991 illa
572 925 627 990 die
654 925 708 990 vir
730 925 861 990 nobilis
875 925 1072 989 -Gauin'dus
1098 927 1142 989 de
1168 927 1350 1000 Rancona,
1374 922 1439 1003 qui

488 1045 567 1090 cum
591 1025 786 1105 agminibus
809 1030 960 1089 montem
984 1026 1174 1088 ascendens
1196 1026 1240 1089 ad
1263 1024 1339 1106 ejus
1361 1020 1437 1084 sas-

488 1125 613 1206 tigium
641 1124 810 1205 pervenit,
838 1124 930 1205 quod
959 1122 1066 1187 Tusci
1092 1130 1351 1205 cognoscentes,
1376 1120 1440 1203 qui

489 1225 678 1286 exereitum
693 1222 789 1286 illum
807 1241 829 1286 a
844 1222 953 1286 latere
968 1222 1172 1286 insidiantes
1190 1223 1439 1304 sequebantur,

489 1321 526 1384 in
554 1322 708 1385 Francos
736 1341 806 1385 non
836 1321 1094 1402 praemeditatos
1119 1327 1279 1403 potenter
1301 1321 1443 1383 irruunt

490 1428 526 1483 et
543 1440 661 1484 eorum
683 1419 837 1501 legiones
854 1421 1069 1498 dissolvunt3
1100 1420 1224 1483 cecidit
1245 1427 1360 1483 autem
1382 1418 1442 1480 die

488 1519 561 1596 illa,
579 1538 662 1582 casu
676 1518 876 1595 miserabili,
898 1519 1009 1600 gloria
1025 1518 1238 1582 Francorum
1261 1526 1295 1582 et
1313 1517 1439 1592 virtus,

490 1618 550 1700 qui
575 1617 664 1680 forte
693 1624 913 1697 peccatorum
942 1618 1093 1682 tenebris
1117 1618 1266 1682 involuti
1290 1616 1441 1698 mystica

490 1735 607 1779 secum
623 1716 774 1779 Domino
788 1735 931 1779 munera
947 1736 1016 1779 non
1029 1716 1196 1780 ferebant.
1232 1715 1307 1779 Nec
1321 1723 1441 1779 tamen

490 1834 554 1876 rex
581 1819 724 1895 propter
750 1831 868 1878 casnm
896 1814 982 1878 adeo
1008 1814 1186 1878 sinistrum
1213 1833 1235 1876 a
1260 1813 1442 1896 proposito

490 1913 605 1995 potuit
626 1914 794 1990 revocari,
815 1913 898 1995 quin
921 1913 1232 1996 peregrinationem
1252 1931 1441 1995 proseque-

491 2017 587 2075 retur
614 2012 800 2092 ineeptam,
828 2011 889 2074 sed
918 2009 1053 2075 ardenti
1083 2012 1252 2075 desiderio
1278 2031 1356 2075 cum
1383 2031 1441 2074 re·

493 2111 576 2192 gina
598 2129 662 2174 sua
683 2109 828 2175 Alienos
850 2111 894 2173 ad
916 2110 983 2173 iter
1004 2129 1042 2174 se
1064 2111 1247 2192 accingens
1269 2110 1440 2175 Hieroso-

492 2208 621 2291 lymam
642 2209 782 2273 tandem
804 2209 984 2291 pervenit3
1017 2209 1075 2272 ubi
1098 2230 1120 2274 a
1144 2229 1226 2290 rege
1251 2209 1441 2274 honorifice

493 2313 675 2389 susceptus
703 2315 738 2372 et
761 2307 902 2391 populo,
927 2309 970 2372 da
993 2327 1089 2384 casu,
1114 2309 1173 2390 qui
1196 2309 1369 2372 acciderat
1394 2309 1439 2384 ei,

492 2425 560 2470 nou
574 2406 792 2470 mediocriter
806 2406 1046 2470 condolebant.

520 2577 571 2641 Do
586 2575 736 2642 obsidium
749 2579 902 2644 Dmaasri
915 2601 937 2644 a
945 2578 1147 2664 princspc'das
1153 2580 1325 2664 predictis,
1341 2588 1369 2643 ol
1384 2579 1421 2642 da

666 2677 845 2760 proditione
860 2678 1060 2743 omoatoliuaa
1074 2688 1265 2763 mappulum.

364 2808 455 2886 man,
543 2797 733 2882 Completis
756 2802 895 2865 taudem
922 2802 1081 2867 demere
1106 2802 1334 2878 orationibus,
1356 2821 1440 2866 con·

491 2906 660 2962 venerunt
673 2899 716 2962 ad
732 2900 941 2983 colloquium
954 2900 1142 2984 imperator
1159 2902 1339 2966 Romanus
1358 2919 1439 2964 eum

491 2997 630 3077 regibus
662 2997 985 3081 Hierosolymorum
1016 3007 1052 3065 et
1079 3001 1301 3075 Francorum,
1326 3005 1366 3061 ut
1393 2999 1440 3060 de

491 3094 606 3159 fructu
640 3102 748 3161 tantae
784 3098 1070 3180 peregrinationis
1101 3106 1137 3162 et
1172 3107 1273 3163 terrae
1306 3103 1439 3161 sanctae

491 3201 636 3274 agerent
649 3196 871 3261 incremento.
910 3197 1064 3261 Tandem
1079 3215 1197 3261 omnes
1213 3199 1249 3261 iu
1264 3197 1330 3260 hoc
1346 3213 1442 3260 com-
1542 3217 1543 3221 ¹

491 3293 640 3357 munitet
654 3302 913 3372 consenserunt,
927 3303 967 3359 ut
982 3295 1205 3372 Damascum,
1219 3296 1339 3360 urbem
1354 3295 1439 3358 fide-

491 3389 581 3455 libus
609 3392 709 3456 nimis
731 3393 944 3472 damnosam,
967 3394 1186 3473 obsiderent;
1214 3403 1260 3471 et,
1278 3395 1369 3458 sicut
1384 3393 1439 3456 fu-

491 3496 566 3552 erat
583 3491 822 3571 praelocutum‚
840 3488 900 3558 ¹ad
919 3495 1037 3558 urbem
1061 3493 1263 3558 accedentes
1282 3492 1438 3576 pomeria

491 3597 663 3669 occupant
679 3591 887 3669 suburbana,
902 3592 1107 3674 quibusdam
1130 3592 1179 3656 ihi
1204 3593 1249 3655 ex
1276 3592 1438 3656 hostibus

490 3685 691 3751 interfectis.
755 3688 841 3753 Inde
858 3691 900 3754 ad
918 3691 1044 3754 flumen
1060 3691 1155 3773 quod
1169 3692 1288 3755 urbem
1305 3691 1437 3754 lambe·
1535 3709 1536 3714 ¹

489 3784 551 3847 bat
568 3786 782 3882 accedentes,
799 3795 838 3852 ut
860 3789 937 3852 sitis
954 3791 1133 3870 augustias
1155 3790 1361 3863 relevarent,
1384 3790 1438 3853 iu·

488 3892 659 3948 venerunt
683 3904 782 3949 secus
805 3887 917 3969 ripam
942 3893 1075 3951 tantam
1103 3887 1253 3951 hostium
1278 3888 1438 3952 multitu·

488 3977 615 4059 dinem,
649 3983 709 4064 qui
741 3985 790 4046 eis
822 4004 922 4067 aquae
951 4005 1052 4049 usum
1085 3986 1220 4050 auferre
1249 3987 1436 4063 vacabant,

432 4183 438 4192 '
521 4175 580 4230 'Ad
601 4183 683 4233 ardeia
701 4187 864 4252 accedentes]
891 4190 945 4240 The
971 4205 1072 4241 masena
1089 4207 1122 4240 on
1139 4192 1260 4242 thenath
1277 4193 1340 4255 May
1353 4199 1436 4256 llam

485 4252 595 4313 maeting
606 4253 657 4301 had
673 4255 736 4304 been
752 4255 812 4305 held
828 4263 855 4306 at
869 4259 946 4322 Aere,
971 4261 1041 4311 Will.
1051 4261 1111 4323 Tyr.
1123 4277 1149 4323 p.
1158 4265 1216 4312 91⁰.

484 4316 587 4369 whence
610 4320 670 4383 they
688 4323 810 4385 departed
832 4325 870 4376 for
892 4329 946 4378 Da·

1530 3939 1533 4010 l

1529 4013 1532 4089 l

1528 4095 1531 4176 l
