3178 5194
437 524 504 592 Μ
688 536 823 586 aoeuru
847 535 895 583 nu
919 532 1127 583 wranovne

278 717 401 761 nanu.
441 703 550 780 geret.
601 693 728 761 Adhuc
757 692 818 757 illo
850 709 1037 774 pauperem
1062 690 1099 753 in
1131 687 1223 754 hunc
1251 687 1391 752 modum

277 768 427 872 fflssia
440 796 666 871 convitiante,
692 801 728 859 et
759 811 839 857 ecee
866 798 1015 872 utroque
1042 790 1150 854 fundo
1173 789 1257 853 dolii
1284 789 1393 871 impe·

441 904 542 962 tuose
560 895 694 970 evulso,
717 892 754 956 in
776 892 893 975 platea
916 889 1065 954 cervisia
1084 888 1305 966 fundebatur,
1325 888 1392 951 sic·

441 1015 509 1078 que
526 994 737 1069 factumest,
756 999 797 1082 ut
821 989 921 1073 cujus
943 988 1209 1074 portiunculam,
1230 988 1392 1071 martyris

441 1095 579 1160 nomine
621 1099 751 1176 spreto,
781 1096 983 1172 negaverat,
1017 1094 1227 1171 procurante
1255 1095 1391 1164 sancto,

443 1215 514 1260 non
533 1194 646 1260 solum
670 1210 804 1274 pauper
824 1190 895 1266 iile,
918 1189 979 1254 sed
998 1194 1034 1252 et
1047 1187 1108 1252 alii
1121 1187 1223 1251 multi
1238 1205 1316 1251 cum
1337 1205 1392 1264 eo,

443 1295 524 1360 fixis
549 1294 587 1357 in
610 1299 738 1357 terram
760 1289 916 1372 genibus,
941 1286 1159 1363 sufficienter,
1185 1285 1282 1350 nullo
1313 1305 1393 1369 pro-

416 1379 420 1388 ’
442 1395 594 1470 bibente,
610 1398 783 1475 potarent.
819 1389 997 1472 Repressa
1008 1386 1127 1468 igitur,
1144 1393 1298 1469 martyre
1311 1405 1391 1469 pro-

442 1499 597 1570 curante,
620 1507 864 1574 perversorum
889 1486 1056 1570 nequitia,
1078 1485 1218 1550 devotio
1237 1485 1390 1550 fidelium

442 1593 565 1675 recipit
582 1590 675 1674 quod
695 1596 868 1668 meretur;
896 1605 976 1650 nam
1001 1586 1112 1650 tribus
1135 1584 1309 1650 continuis
1328 1585 1389 1666 qui

442 1692 673 1775 sequebantur
687 1689 809 1752 diebus
823 1688 941 1752 decem
960 1686 1140 1768 utriusque
1155 1703 1263 1749 sexus
1278 1682 1390 1748 bomi-

442 1811 504 1856 nes
528 1810 552 1854 a
572 1789 717 1854 diversis
740 1787 1011 1862 infirmitatibus
1037 1784 1081 1849 ad
1104 1784 1242 1849 laudem
1263 1783 1333 1848 Dei
1355 1790 1393 1847 et

441 1890 535 1956 beati
550 1889 724 1972 martyris
737 1893 943 1970 receperunt
957 1885 1140 1969 pristinam
1154 1883 1353 1948 sanitatem.

491 2062 541 2126 De
554 2059 724 2126 ducentiens
736 2059 840 2126 macti
853 2056 1039 2142 Ampbibclc'
1053 2079 1122 2124 cum
1136 2079 1241 2124 nouem
1254 2057 1345 2122 sociis

880 2157 955 2222 ruis.

493 2282 714 2347 Clarescente
740 2281 879 2348 interim
903 2281 971 2357 die,
994 2299 1097 2363 quem
1118 2289 1318 2347 sanctorum
1341 2282 1393 2346 in-

443 2384 561 2448 ventio
579 2382 816 2458 consecrabat,
834 2380 1042 2446 venerabilis
1067 2388 1168 2464 pater
1193 2382 1313 2447 Simon
1333 2383 1394 2446 ab·

443 2484 506 2548 bas
536 2483 651 2546 locum
676 2481 762 2548 adiit
788 2481 1056 2558 sanctissimum,
1082 2488 1119 2546 et
1144 2482 1328 2546 celebratis
1356 2483 1393 2546 in

443 2580 579 2665 capella
593 2582 707 2645 sancti
723 2579 746 2645 J
750 2581 861 2658 acobi,
877 2580 954 2646 loco
970 2580 1021 2645 illi
1038 2581 1216 2662 contiguo,
1237 2583 1274 2646 in
1288 2602 1392 2647 vene·

444 2683 613 2746 rationem
627 2681 720 2744 beati
742 2681 905 2764 martyris
920 2679 1062 2758 Albani,
1085 2689 1215 2746 nostrae
1237 2681 1394 2763 redemp-

443 2781 547 2846 tionis
568 2780 755 2864 mysteriis,
777 2779 969 2857 monachis,
991 2781 1050 2862 qui
1077 2780 1231 2857 aderant,
1252 2787 1293 2844 ut
1313 2780 1392 2844 dili·

443 2887 565 2962 genter
579 2885 785 2962 quaererent,
799 2886 836 2943 et
852 2879 1007 2961 pluribus
1025 2879 1188 2945 adhibitis
1202 2879 1392 2944 fossoribus

443 2987 484 3044 ut
505 2979 630 3063 coeptis
654 2977 865 3056 insisterent,
881 2979 1076 3062 imperavit.
1129 2978 1259 3045 Fuerat
1275 2987 1392 3044 autem

443 3079 578 3162 capella
601 3079 665 3144 illa
691 3078 883 3161 antiquitus
904 3079 941 3142 in
966 3079 1133 3144 honorem
1155 3079 1319 3164 martyris
1342 3078 1395 3143 fa-

444 3169 579 3244 bricata
601 3185 744 3262 propter
762 3178 960 3260 frequentes
983 3178 1132 3244 caelestis
1154 3178 1270 3243 radios
1292 3178 1393 3256 lucis,

445 3280 504 3362 qui
520 3279 718 3362 pastoribus
732 3277 871 3360 vigilias
888 3279 1000 3342 noctis
1013 3298 1120 3362 super
1135 3297 1275 3361 gregem
1291 3297 1392 3342 suum

444 3380 628 3461 agentibus
644 3378 771 3444 ibidem
785 3384 1041 3460 apparuerant3
1074 3376 1165 3442 unde
1191 3377 1306 3443 dictus
1329 3380 1392 3442 ab·

442 3480 518 3556 bas,
533 3479 570 3543 in
592 3477 712 3544 eodem
734 3477 810 3542 loco
825 3477 943 3542 divine
964 3477 1141 3542 celebrans
1161 3485 1392 3555 sacramenta,

444 3597 548 3661 super
571 3577 717 3642 instanti
743 3577 885 3658 negotio
912 3576 1007 3642 beati
1031 3578 1195 3660 martyris
1223 3577 1391 3642 auxilium

442 3677 653 3760 imploravit.
717 3676 874 3742 Reverso
898 3677 1018 3760 itaque
1046 3676 1186 3741 domum
1209 3678 1334 3741 abbate
1357 3685 1394 3742 et

439 3776 515 3860 jam
542 3793 621 3840 cum
650 3782 823 3840 conventu
849 3775 893 3842 ad
917 3777 1101 3860 prandium
1125 3776 1278 3852 sedente,
1300 3776 1395 3857 lege·

442 3879 547 3942 batur
564 3875 682 3958 passio
699 3876 793 3940 beati
809 3877 985 3958 martyris,
1008 3897 1111 3960 quem
1126 3877 1341 3959 quaercbant‚
1356 3883 1393 3941 et
1466 3923 1469 3926 -
1570 3867 1571 3870 '

444 3976 616 4042 sociorum
635 3975 724 4058 ejus,
741 3995 803 4058 per
822 3993 925 4058 quarn
949 3977 1064 4040 carnis
1087 3975 1265 4059 ergastulo
1287 3976 1395 4041 soluti

443 4083 708 4159 promeruerunt
719 4075 865 4158 gloriam
879 4075 1138 4159 sempiternam.
1176 4075 1272 4139 Dum
1286 4076 1397 4157 igitur

443 4175 580 4240 saevitia
606 4175 748 4258 judicis,
779 4175 937 4241 lictorum
964 4175 1175 4252 immanitas,
1200 4182 1393 4258 martyrum

443 4273 623 4357 patientia,
639 4282 675 4339 et
691 4295 784 4340 mors
800 4275 971 4358 prolixius
987 4277 1134 4342 recitata
1159 4275 1235 4359 pias
1260 4282 1394 4339 mentes
