3144 5180
449 531 514 594 310
710 545 844 592 nocam
870 543 916 590 nn
935 543 1143 592 wnunovsn

292 723 415 764 anun
454 700 744 766 cantuariensem
766 705 802 764 et
818 699 935 776 omnia
961 699 1053 761 bona
1074 695 1324 779 archicpiscopi
1343 716 1407 760 rex

456 807 493 864 et
510 818 651 864 suorum
662 798 844 862 confiscari
859 797 1037 879 praecepit,
1055 801 1103 871 et,
1117 795 1208 878 quod
1225 796 1261 858 in
1278 795 1409 859 nullius

457 899 612 963 historiae
642 898 772 979 legitur
799 896 902 971 serie,
931 901 1041 959 totam
1066 894 1141 978 ejus
1166 895 1409 976 cognationem

457 998 563 1062 exilio
581 996 792 1079 adscriptam
811 993 961 1071 addixit,
984 994 1058 1056 sine
1083 993 1220 1057 delectu
1238 993 1410 1057 conditio-

455 1098 522 1172 nis,
542 1113 648 1160 sexus
668 1100 731 1158 aut
750 1094 887 1172 aetatis3
908 1099 956 1169 et,
970 1111 1049 1160 cnm
1069 1091 1216 1156 ecclesia
1235 1091 1411 1154 catholica

457 1201 533 1259 oret
560 1214 623 1276 pro
647 1192 830 1269 haereticis
855 1189 1084 1255 schismaticis
1111 1196 1148 1253 et
1178 1189 1317 1272 perfidis
1341 1189 1365 1253 J
1368 1209 1409 1252 n-

456 1293 556 1370 daeis,
577 1279 787 1374 prohibitum
813 1297 869 1354 est
896 1309 919 1352 a
945 1308 1039 1370 rege,
1067 1307 1111 1352 ne
1136 1289 1214 1371 quis
1238 1287 1410 1371 archiepi-

457 1411 599 1474 scopum
614 1391 810 1454 orationum
827 1387 1001 1469 suffragiis
1018 1387 1212 1471 adjuvaret.

494 1565 655 1650 ,allegatio
672 1563 753 1630 beati
771 1564 891 1642 Thorace
906 1562 1130 1648 archiepiscopi
1145 1563 1181 1627 ia
1190 1563 1359 1648 prasentia

740 1733 743 1738 ,
815 1661 933 1727 musi
942 1683 1047 1747 pupae.

301 1866 313 1894 a
342 1866 353 1892 e
511 1787 643 1851 Beatus
668 1787 776 1868 igitur
805 1785 971 1863 Thomas,
989 1784 1250 1849 Cantuariensis
1276 1785 1412 1849 archie-

325 1915 337 1942 ο
359 1914 372 1942 0
399 1928 405 1940 ·
460 1887 632 1968 piscopos,
649 1885 943 1966 suffraganeorum
964 1902 1118 1961 suorum,
1134 1885 1224 1950 inter
1245 1890 1300 1948 tot
1317 1884 1411 1967 inju-

461 1985 544 2061 rias,
558 1985 711 2048 omnium
730 1983 858 2047 solatio
875 1981 1074 2059 destitutus,
1097 1983 1273 2064 profectus
1295 1989 1348 2046 est
1365 1983 1412 2046 ad

461 2083 592 2146 curiam
613 2082 822 2158 Romanam,
843 2087 879 2144 et
898 2081 1135 2162 inpraesentia
1155 2080 1285 2144 domini
1308 2100 1412 2164 papae

462 2182 512 2244 sic
529 2181 626 2263 loqui
645 2199 792 2244 exorsus
810 2187 884 2259 est;
906 2172 934 2213 ¹‘
945 2177 1002 2242 Ad
1020 2179 1231 2244 audientiam
1246 2185 1413 2256 vestram,

463 2286 563 2361 pater
594 2280 824 2355 sanctissime,
852 2277 1029 2359 confugio,
1059 2278 1179 2342 dolens
1203 2284 1333 2342 statum
1353 2297 1411 2341 eo·

464 2377 579 2442 clesiae
601 2385 639 2441 et
656 2377 739 2461 jura
766 2377 842 2461 ejus
863 2375 899 2439 in
923 2376 1105 2441 avaritiam
1131 2376 1323 2458 principum
1342 2375 1414 2440 dis-

465 2477 594 2557 sipari3
627 2482 840 2558 quapropter
865 2475 1114 2539 occurrendum
1138 2472 1266 2538 credidi
1290 2476 1412 2538 morbo

465 2574 630 2637 venienti.
676 2574 834 2637 Vocatus
861 2578 979 2636 autem
1007 2592 1084 2637 sum
1112 2591 1228 2637 coram
1255 2591 1348 2654 rege,
1371 2580 1414 2636 ut

466 2672 509 2735 de
531 2671 737 2752 quibusdam
759 2671 937 2748 custodiis,
962 2689 1049 2752 quas
1074 2672 1156 2735 olim
1183 2671 1413 2734 cancellarius

466 2771 559 2851 regis
585 2770 739 2833 existens
761 2769 1011 2850 disposueram,
1035 2769 1071 2832 in
1093 2769 1309 2833 ratiocinium
1333 2777 1414 2832 tan-

466 2887 571 2950 quam
588 2867 698 2931 laicus
714 2875 960 2951 computarem,
976 2866 1087 2948 quiin
1105 2869 1320 2949 promotione
1334 2887 1415 2932 mea

468 2966 512 3029 ad
532 2965 864 3048 archiepiscopatum
885 2966 994 3030 atilio
1014 2967 1106 3047 regis
1128 2965 1356 3047 primogenito
1376 2973 1415 3030 et

463 3064 660 3146 justiciario
677 3065 774 3146 regni
791 3066 836 3128 ab
850 3065 943 3128 omni
959 3064 1140 3128 ratiocinio
1152 3070 1188 3127 et
1201 3063 1415 3144 obligatione

467 3162 555 3224 liber
567 3161 617 3225 sui
633 3163 815 3246 episcopus
823 3163 1034 3244 assignatus.
1060 3163 1107 3225 Et
1117 3180 1220 3239 nuno,
1230 3163 1321 3224 unde
1330 3161 1416 3225 mihi

468 3259 650 3324 resistendi
669 3261 835 3343 suffragia
861 3279 1094 3342 speraveram,
1115 3261 1302 3324 destitutus
1323 3280 1415 3338 sum,

469 3359 698 3424 animadverti
732 3361 822 3423 enim
848 3359 1005 3423 dominos
1035 3367 1071 3422 et
1096 3358 1288 3422 confratres
1318 3378 1415 3422 meos

469 3457 662 3540 episcopos,
676 3477 740 3539 pro
759 3458 949 3521 aulicorum
965 3457 1120 3533 arbitrio,
1137 3458 1173 3520 in
1189 3476 1244 3520 me
1261 3457 1416 3520 animad-

469 3562 604 3618 vertere
620 3562 775 3637 paratos,
795 3562 842 3632 et,
858 3555 991 3619 cunctis
1013 3556 1269 3618 incursantibus
1291 3560 1417 3620 contra

469 3671 539 3729 me,
555 3652 626 3716 sere
647 3654 835 3718 suffocatus
862 3654 907 3716 ad
931 3660 1002 3717 tuae
1023 3653 1163 3736 pietatis
1189 3653 1417 3730 audientiam,

469 3769 547 3830 quae
565 3770 628 3814 nec
645 3752 681 3814 in
698 3752 861 3816 extremis
879 3752 1037 3833 negligit,
1054 3752 1241 3834 respiravi3
1262 3752 1326 3816 sub
1344 3771 1418 3832 qua

468 3846 765 3913 demonstraturus
777 3843 908 3926 ²adsto,
922 3869 977 3913 me
992 3869 1056 3913 nec
1070 3850 1119 3912 ibi
1134 3849 1240 3913 fuisse
1253 3849 1417 3933 judican-

468 3945 561 4021 dum,
578 3966 641 4010 nec
660 3948 704 4010 ab
717 3947 809 4026 illis;
833 3966 913 4010 nam
932 3948 1014 4031 quid
1031 3947 1127 4011 aliud
1147 3947 1211 4011 hoo
1225 3954 1330 4023 esset,
1348 3948 1419 4012 nisi

499 4171 712 4225 'Adoudientiom
718 4179 844 4240 oestrum]
856 4178 926 4227 Inter
952 4179 1173 4240 Diceto,col.538;
1187 4180 1419 4241 Hoveden,p.d98.

462 4255 521 4300 epp.
538 4243 583 4293 lib.
600 4245 618 4294 i.
635 4261 676 4306 ep.
693 4261 756 4296 xxx.
801 4247 924 4308 Compare
986 4246 1104 4310 'Adsth
1121 4249 1153 4297 In
1165 4248 1222 4297 MS.
1234 4249 1242 4276 ‘
1252 4244 1323 4298 esto.'
