3138 5184
401 603 540 652 rnonus
563 603 834 656 ursronmanu.
1026 595 1091 662 241

140 759 282 826 millibus
311 761 468 844 equitum
496 763 719 828 loricatorum
743 772 778 828 et
801 764 844 828 de
867 773 967 830 tanta
989 767 1084 850 pedi·
1100 784 1222 827 amur.

141 866 205 922 tum
218 881 336 937 manu,
355 866 502 943 quorum
519 869 594 926 erat
608 863 708 944 quasi
730 883 893 928 numerus
916 865 1084 945 infinitus,

141 966 174 1021 ut
199 960 258 1023 vix
285 960 421 1024 decima
452 979 532 1044 pars
562 961 736 1038 evaderet,
766 963 843 1025 aliis
873 964 975 1042 fame,
1005 966 1083 1030 aliis

140 1057 258 1137 gladio,
270 1059 449 1122 nonnullis
463 1060 565 1123 etiam
583 1060 730 1122 vinculis
744 1061 962 1143 mancipatis,
992 1064 1082 1129 Eva-

140 1157 178 1218 sit
194 1163 313 1222 tamen
328 1159 518 1240 imperator
532 1177 610 1220 cum
630 1159 751 1240 paucis
771 1161 985 1243 principibus
1009 1164 1081 1227 suis

139 1262 271 1318 etcum
301 1255 505 1320 difficultate
535 1257 641 1319 nimia
672 1256 829 1320 Nicaeam
860 1278 970 1341 usque
1003 1282 1081 1342 per·

140 1354 224 1417 venit
253 1355 299 1418 ad
326 1356 458 1432 urbem,
483 1355 630 1435 indeque
648 1354 983 1439 Constantinopolim
1000 1379 1081 1440 pro·

139 1450 240 1515 fectus
270 1454 319 1516 ibi
345 1473 456 1537 usque
481 1452 524 1517 ad
548 1455 725 1535 sequentis
747 1455 884 1518 initium
908 1459 998 1521 veris
1020 1478 1080 1540 pe-

141 1550 341 1616 rendinavit.

201 1725 295 1799 Quod
307 1726 389 1816 idam
402 1727 569 1810 imperator
584 1748 680 1811 repam
694 1728 891 1792 Francorum
907 1737 935 1791 ot
948 1727 1012 1810 ojus

411 1826 574 1890 coerulum
588 1826 798 1890 circumuenit.

181 1947 287 2012 Anno
309 1947 452 2012 Domini
480 1965 649 2013 ucxnvu.
671 1949 860 2030 imperator
888 1948 1144 2026 Conradus,r.n.
1159 1975 1213 2014 no.

138 2045 252 2128 hyeme
286 2055 498 2123 transversa,
527 2047 674 2110 navibus
703 2047 866 2111 devectus
900 2067 977 2110 cum
1007 2049 1081 2111 suis
1091 2021 1201 2112 iiiiii„

138 2153 271 2226 portum
295 2147 415 2227 attigit
439 2145 693 2222 Achonensem,
715 2153 750 2209 et
772 2146 851 2209 inde
874 2122 1217 2229 Hierosoly-'‘mmm'

137 2263 222 2307 mam
240 2243 417 2326 profectus
441 2263 557 2325 aroge
575 2244 790 2320 Baldewino‚
813 2244 905 2307 clero
927 2245 1079 2316 civitatis

138 2361 173 2404 ac
204 2341 349 2424 populo,
377 2361 455 2406 cum
485 2343 622 2425 hymnis
647 2349 682 2406 et
706 2342 847 2406 laudum
875 2343 1019 2406 canticis
1043 2345 1079 2408 in

23 2444 25 2509 l
136 2447 288 2504 sanctam
305 2441 505 2522 perducitur
518 2442 705 2505 civitatem.
743 2434 841 2519 ¹Quo
858 2442 978 2523 utique
992 2448 1079 2505 tem-

136 2558 211 2619 pore
236 2539 455 2615 Lodowicus,
485 2559 548 2604 rex
578 2540 804 2616 Francorum,
837 2541 1079 2620 imperatorem

134 2645 282 2714 secutus,
305 2645 385 2720 post
406 2638 530 2718 longos
555 2638 622 2702 viae
644 2638 780 2700 labores
803 2639 846 2700 ad
869 2638 959 2702 vada
977 2639 1078 2702 Men·

134 2737 227 2799 andri
244 2755 325 2799 cum
342 2738 566 2819 septuaginta
580 2736 732 2799 millibus
749 2736 971 2800 loricatorum
988 2738 1077 2800 mili·

134 2841 214 2914 tum,
237 2842 368 2918 praeter
387 2836 531 2898 classem
555 2855 632 2916 quae
656 2854 734 2897 eum
758 2837 977 2916 sequebatur,
1003 2855 1077 2918 per-

134 2935 246 3014 venit3
275 2936 347 3011 ubi,
378 2934 522 3000 Francis
545 2933 707 2998 accedere
730 2933 773 2996 ad
796 2953 906 3014 aquas
929 2936 1076 3000 volenti-

133 3033 204 3109 bus,
231 3053 278 3097 ex
300 3033 454 3122 adversa
480 3033 630 3097 fluminis
656 3032 732 3114 ripa
758 3032 874 3096 hostes
896 3033 1076 3098 inveniunt

132 3131 299 3207 infideleS,
315 3131 375 3213 qui
397 3150 498 3213 aquae
520 3149 620 3195 usum
643 3131 693 3194 eis
717 3137 751 3192 et
769 3131 952 3194 transitum
970 3132 1077 3195 inter-

132 3231 242 3296 dicere
276 3231 494 3310 satagebant,
525 3229 585 3292 sed
612 3228 712 3297 vadis
742 3229 878 3292 demum
912 3230 1074 3306 inventis,

131 3329 285 3394 hostibus
311 3329 430 3392 inritis
451 3335 486 3392 et
508 3328 663 3411 pluribus
686 3329 761 3391 neci
783 3327 920 3390 traditis
942 3346 983 3389 ac
998 3327 1076 3390 vin-

130 3429 215 3492 culis
249 3426 455 3509 quibusdam
485 3426 702 3507 mancipatis,
740 3445 858 3489 omnes
889 3426 924 3488 in
956 3425 1074 3506 fugam

131 3526 353 3609 compellunt,
371 3533 407 3589 et
428 3543 545 3588 eorum
564 3523 676 3606 spolia
696 3525 870 3606 rapientes
888 3524 970 3588 facti
992 3531 1075 3590 sunt

127 3625 168 3690 de
183 3623 331 3690 victoria
346 3622 505 3702 laetiores.
558 3622 645 3685 Inde
663 3622 870 3687 Laodiceam
893 3630 1077 3688 transeunq

128 3732 179 3788 tes
195 3728 346 3786 montem
363 3722 534 3803 quendam
561 3720 707 3784 arduum
729 3727 765 3784 et
788 3739 934 3786 ascensu
954 3721 1073 3785 diffici-

126 3821 192 3885 lem
222 3821 259 3884 in
286 3821 409 3884 itinere
435 3827 657 3902 repererunt3
690 3827 765 3884 erat
791 3826 906 3883 autem
929 3839 1074 3884 consue·

126 3921 211 3984 tudo
230 3919 455 3995 Francorum,
470 3924 509 3981 ut
524 3917 692 4000 quosdam
715 3917 757 3981 de
778 3917 969 3982 illustribus
988 3919 1073 3984 viris

127 4019 358 4100 assignarent,
374 4018 433 4098 qui
453 4017 592 4098 agmina
609 4017 783 4098 praeirent,
799 4024 845 4093 et,
861 4017 920 4097 qui
939 4033 960 4076 a
974 4022 1077 4095 tergo

126 4123 365 4200 sequerentur,
389 4116 433 4179 ad
465 4115 658 4179 custodiam
682 4114 830 4178 imbellis
852 4112 972 4195 populi
998 4131 1073 4175 sar·

69 4279 73 4288 ’
159 4293 232 4350 ¹Quo
253 4292 337 4355 utique
358 4287 493 4358 tempora]
515 4291 586 4341 will.
611 4295 698 4340 events
708 4290 737 4339 of
750 4290 801 4338 this
817 4290 921 4350 chapter
937 4289 1017 4338 under
1030 4288 1072 4340 the

123 4369 184 4428 Tyr.
208 4378 234 4423 p.
256 4364 323 4422 ⁹053
350 4361 409 4410 who
437 4361 523 4422 places
545 4360 588 4408 the
611 4375 673 4420 year
685 4363 756 4408 1145.

165 4452 248 4499 VOlr.
267 4451 306 4498 ll.
899 4447 922 4492 R
