3138 5184
284 759 340 802 Μ).
352 760 405 798 nlo.

288 2613 344 2653 Δ.Ι).
355 2615 410 2652 1111.

288 2663 363 2712 fleury

287 2716 363 2751 vastes

288 2762 366 2810 Aulon.

289 3425 407 3516 cens

289 3482 360 3566 altha.
380 3487 413 3515 “-

444 569 508 632 188
705 581 838 628 noosar
862 579 909 626 ou
932 579 1139 627 wunnovun

446 755 571 819 corpus
587 735 665 819 ejus
686 733 942 798 sanctissimum
959 734 1071 798 luerat
1092 735 1189 816 prius
1204 725 1399 812 inventum,

446 837 537 899 etin
559 853 650 898 novo
672 834 798 898 feretro
818 833 1052 912 collocatum;
1087 833 1181 900 facta
1200 842 1253 899 est
1277 841 1398 898 autem

447 935 521 1000 haec
536 934 718 998 translatio
733 933 769 995 in
788 932 842 996 die
857 933 1029 1014 passionis
1049 933 1203 1016 ejusdem
1220 934 1400 1022 martyris,

447 1033 579 1097 decimo
611 1031 780 1096 kalendas
824 1031 1047 1112 Septembris.
1123 1031 1254 1096 Eodem
1288 1033 1399 1096 etiam

447 1151 539 1200 anno
555 1139 697 1196 sanctus
716 1130 889 1194 Godricus
912 1131 1004 1212 apud
1023 1130 1189 1194 Finchale
1203 1132 1311 1195 vitam
1334 1131 1398 1194 he·

447 1233 644 1316 remeticam
670 1230 859 1305 inchoavit,
885 1248 990 1311 quam
1020 1249 1082 1312 per
1109 1248 1218 1293 annos
1246 1230 1400 1312 quadra-

447 1333 547 1414 ginta
569 1329 789 1394 laudabiliter
811 1328 1000 1410 complens,
1016 1347 1120 1391 carne
1136 1329 1275 1393 tandem
1298 1329 1397 1392 solu-

448 1438 517 1507 tus,
530 1430 607 1493 caeli
624 1428 793 1510 palatium
807 1427 1019 1503 conscendit,
1034 1429 1253 1491 aeternalibus
1268 1428 1399 1492 delitiis

448 1528 574 1593 ibidem
597 1527 765 1590 fruiturus
786 1545 864 1588 cum
882 1527 1024 1590 sanctis.
1076 1526 1157 1590 Hoc
1178 1529 1283 1590 etiam
1303 1541 1400 1591 anno

448 1635 585 1692 cometa
600 1625 762 1708 apparuit
777 1610 873 1689 more
895 1625 1047 1702 insolito,
1062 1645 1155 1702 nam,
1170 1645 1249 1689 cum
1266 1628 1309 1689 ab
1326 1627 1400 1690 ori-

449 1733 528 1792 ente
556 1744 702 1807 surgens
728 1725 764 1786 in
788 1723 1041 1787 firmamentum
1075 1724 1297 1803 ascendisset,
1324 1745 1398 1789 non

449 1825 623 1908 progredi,
654 1825 715 1888 sed
741 1823 877 1904 regredi
901 1823 1093 1887 videbatur.
1146 1823 1276 1887 Eodem
1311 1845 1400 1890 vero

449 1932 603 2006 tempore
633 1943 695 1986 rex
726 1921 948 1986 Hierusalem
978 1922 1199 1986 Baldewinus
1226 1923 1401 2002 Beritum,

449 2024 626 2088 civitatem
645 2022 820 2085 Phoenicis
835 2021 985 2103 regionis
1002 2021 1223 2099 maritimam,
1237 2029 1403 2104 potenter

450 2123 672 2207 subjugatam
703 2120 882 2184 catholicae
907 2117 1060 2183 restituit
1082 2121 1231 2200 unitati3
1261 2129 1314 2185 est
1336 2141 1402 2186 au-

449 2230 521 2288 tem
535 2224 603 2288 sita
616 2223 707 2286 inter
724 2220 864 2284 Biblum
879 2225 915 2282 et
933 2219 1095 2283 Sidonem
1112 2220 1292 2285 civitates..

452 2394 541 2474 Quod
558 2414 613 2456 roo
627 2394 784 2457 Henricus
799 2401 915 2456 terrum
930 2394 1048 2457 comitis
1061 2394 1291 2478 Andepooensis
1303 2397 1406 2478 provi

720 2491 951 2575 depopulatura
968 2493 1126 2556 contribit,

500 2614 604 2679 Anno
626 2615 767 2678 Domini
790 2633 897 2681 noxi.
921 2636 985 2680 rex
1007 2614 1202 2697 Anglorum
1223 2615 1405 2680 Henricus

450 2733 597 2798 pergens
619 2715 655 2777 in
679 2711 929 2778 Normanniam
955 2722 1077 2778 contra
1099 2717 1258 2779 comitem
1280 2714 1404 2779 Ande·

450 2827 651 2896 gavensem,
662 2813 721 2895 qui
734 2812 1005 2877 cenomanniam
1018 2816 1062 2878 ab
1072 2834 1113 2878 eo
1124 2815 1264 2877 tenebat
1275 2815 1404 2892 invito,

449 2932 568 2976 werrae
590 2913 684 2993 leges
699 2919 821 2976 contra
843 2933 922 2976 eum
944 2913 1035 2976 ferro
1058 2913 1159 2976 simul
1182 2920 1218 2976 et
1239 2913 1404 2977 incendio

449 3018 648 3074 constanter
669 3013 836 3087 exercuit,
854 3013 1036 3094 ipsumque
1058 3020 1093 3076 et
1110 3020 1236 3076 terram
1253 3013 1403 3096 ejus-to·

447 3117 520 3174 tam
538 3111 637 3192 gravi
654 3111 921 3192 depopulatione
938 3111 1110 3176 contrivit.

478 3287 527 3358 De
541 3261 649 3350 sanctu
664 3285 903 3350 Fretllcsuuitlco
918 3294 946 3348 et
960 3259 1025 3368 elus
1038 3285 1165 3349 arbela
1171 3285 1374 3368 fundatione.

487 3409 617 3473 Eodem
628 3416 781 3492 tempore
793 3403 981 3489 ¹Rogerus,
991 3410 1255 3473 Sarisberiensis
1267 3409 1404 3492 episco-

448 3529 527 3590 puS,
543 3509 636 3572 dedit
652 3509 767 3571 locum
783 3509 819 3571 in
836 3508 988 3584 Oxonia,
1004 3508 1040 3570 in
1057 3529 1126 3591 quo
1144 3528 1269 3591 corpus
1285 3510 1402 3573 beatae

452 3607 712 3671 Fretheswithae
722 3607 867 3688 virginis
877 3609 1074 3690 requiescit,
1085 3609 1221 3672 cuidam
1233 3597 1404 3672 canonico

411 3776 413 3778 ,
450 3706 588 3770 nomine
605 3703 807 3782 Wimund0,
829 3707 901 3788 qui,
924 3707 1053 3769 multos
1070 3707 1118 3769 ibi
1136 3708 1321 3770 canonicos
1348 3728 1405 3770 re-

450 3805 617 3886 gulariter
649 3805 807 3868 viventes
838 3805 983 3887 Deoque
1014 3805 1221 3868 famulantes
1247 3806 1403 3869 devotis·

450 3905 535 3967 sime
556 3904 755 3980 instituens
771 3923 875 3986 super
891 3903 970 3967 illos
990 3904 1082 3967 vices
1105 3905 1248 3985 gerebat
1262 3904 1400 3986 prioris.

452 4002 582 4066 Fuerat
610 4008 725 4064 autem
752 4003 946 4084 antiquitus
972 4022 1035 4084 pro
1061 4005 1255 4066 reverentia
1286 4005 1402 4068 beatae

449 4102 594 4182 virginis
617 4101 936 4164 sanctimonialibus
955 4101 1155 4184 deputatus,
1180 4121 1257 4184 quae
1273 4101 1402 4184 Sponsi

448 4265 483 4386 Pl
493 4269 811 4386 lttrrsgrrngbforisberienrir
818 4269 963 4332 episcopua]
974 4270 1098 4332 Compare
1107 4270 1278 4332 Malmsbury,
1286 4271 1318 4319 de
1326 4271 1403 4322 Gest.

472 4353 582 4398 ou1.p.
643 4373 650 4387 .
