3144 5180
467 545 533 608 284
726 559 861 607 aocunr
889 561 936 607 uu
962 560 1167 608 wannovnn

308 733 363 772 an.
374 735 431 772 rue.
467 717 570 779 etsie
592 716 683 778 inter
701 721 761 778 eos
778 714 952 778 discordia
970 722 1023 778 est
1043 716 1159 798 sopita
1176 735 1293 780 mense
1309 716 1333 779 J
1336 717 1422 781 ulio.

470 815 600 879 Eodem
630 833 722 877 anno
754 833 818 876 rex
855 812 983 877 Siciliae
1012 814 1210 879 Willelmus
1243 815 1423 879 civitatem

470 914 602 976 Barum
626 912 782 976 funditus
803 913 940 988 evertit,
961 912 1104 977 Graeeos
1126 915 1317 996 superavit,
1339 915 1425 978 civi-

469 1019 560 1076 tates
578 1018 614 1075 et
629 1011 773 1075 castella
789 1012 855 1074 sibi
869 1011 967 1092 prius
990 1012 1109 1075 ablata
1124 1013 1160 1094 in
1172 1014 1233 1096 jus
1254 1033 1356 1077 suum
1370 1034 1423 1076 re-

470 1111 621 1186 vocavit,
637 1130 715 1175 cum
741 1128 833 1192 papa
860 1107 1018 1174 Adriano
1040 1131 1161 1193 pacem
1184 1112 1277 1189 fecit,
1299 1132 1422 1177 conse·

469 1210 642 1273 crationes
662 1209 903 1291 episcoporum
930 1210 1028 1290 regni
1053 1212 1106 1273 sui
1130 1211 1162 1273 ei
1189 1211 1422 1277 concedendo.

469 1309 569 1371 Tunc
586 1306 741 1383 Alienor,
759 1308 880 1388 regina
891 1306 1098 1388 Anglorum,
1113 1311 1249 1391 peperit
1263 1311 1338 1392 regi
1353 1310 1420 1373 lili-

469 1427 537 1483 am,
553 1426 657 1489 quam
678 1395 877 1470 ¹Matildem
893 1409 1118 1489 nuncupavit.

483 1583 533 1646 De
538 1545 725 1668 presbytero,
742 1583 797 1667 qui
811 1581 965 1646 comitatis
978 1601 1081 1646 oraora
1094 1581 1227 1666 reipsum
1241 1583 1406 1646 coeravit.

522 1706 624 1771 Circa
636 1708 708 1772 dies
725 1709 811 1771 istos
827 1707 994 1770 heremita
1008 1706 1161 1788 quidam,
1173 1706 1226 1768 vir
1242 1704 1424 1769 modestus

471 1815 507 1870 et
529 1817 684 1884 sanctus,
701 1807 737 1870 in
760 1806 931 1872 Hibernia
953 1826 1021 1870 non
1046 1806 1149 1886 longe
1166 1824 1187 1867 a
1203 1805 1423 1886 purgatorio,

471 1906 514 1968 de
529 1926 597 1988 quo
615 1907 852 1989 supradictum
869 1913 934 1983 est,
951 1907 987 1968 in
1011 1906 1088 1969 loco
1104 1904 1241 1968 deserto
1257 1903 1424 1984 degebat,

472 2007 508 2068 iu
531 2006 632 2089 cujus
654 2007 755 2074 horto
777 2006 871 2068 omni
894 2006 965 2068 fere
984 2011 1085 2068 nocte
1107 2003 1281 2066 daemones
1300 2004 1424 2066 visibi-

472 2105 550 2169 liter
572 2113 817 2181 convenerunt‚
840 2112 875 2169 et
898 2104 1016 2167 statim
1044 2112 1124 2186 post
1148 2103 1231 2166 solis
1257 2121 1419 2165 occasum

471 2205 674 2286 congregati
690 2203 854 2286 placitum
868 2203 917 2266 ibi
931 2210 1129 2279 tenuerunt,
1139 2209 1221 2266 ante
1237 2202 1321 2265 solis
1337 2202 1422 2264 inde

472 2312 586 2367 ortum
614 2305 839 2382 recedentes3
870 2303 1039 2366 rationem
1065 2304 1204 2384 quoque
1225 2301 1273 2363 ibi
1299 2300 1423 2364 redde-

366 2451 369 2458 ,
472 2403 557 2490 bant
580 2403 754 2484 daemones
776 2402 922 2495 principi
947 2400 1206 2488 daemoniorum,
1227 2400 1422 2486 'quidvmali

473 2497 617 2564 fecerint
641 2503 677 2565 in
703 2498 898 2565 hominibus
924 2497 1145 2583 decipiendis,
1167 2518 1314 2581 quorum
1336 2518 1420 2562 con-

473 2599 703 2664 fabulationes
725 2601 859 2665 audivit
874 2601 928 2665 vir
949 2598 1292 2664 sanctus‘manifeste
1307 2604 1342 2661 et
1360 2618 1421 2662 eo-

473 2717 547 2760 rum
572 2699 701 2779 figuras
722 2698 892 2763 deformes
916 2700 1098 2763 visibiliter
1123 2698 1317 2780 conspexit.
1360 2695 1420 2761 Ad

473 2797 599 2860 ostium
616 2797 749 2861 cellulae
766 2800 842 2882 ejus
859 2800 1079 2874 conveniunt,
1094 2799 1167 2874 sed,
1185 2797 1348 2879 quoniam
1362 2796 1420 2859 in-

472 2904 565 2959 trare
588 2916 659 2958 non
676 2897 835 2978 possunt,
856 2897 967 2961 nudas
991 2897 1044 2959 illi
1065 2915 1158 2978 saepe
1177 2896 1335 2958 mulieres
1357 2915 1418 2959 os-

473 2994 640 3074 tendunt;
664 2995 782 3077 sicque
797 2997 836 3060 fit
849 3003 890 3060 ut
907 2995 1073 3062 heremita
1087 2995 1158 3073 ille,
1173 3015 1236 3077 per
1250 2994 1418 3058 confabu-

472 3093 620 3157 lationes
644 3113 775 3173 eorum,
801 3096 907 3160 vitam
934 3096 1029 3160 illius
1055 3094 1205 3175 regionis
1230 3094 1418 3158 multorum

471 3192 649 3257 hominum
671 3203 870 3276 cognoscat.
905 3194 991 3258 Erat
1014 3201 1132 3258 autem
1157 3194 1193 3256 in
1218 3194 1333 3274 patria
1354 3193 1418 3256 illa

472 3293 633 3357 sacerdos
657 3293 796 3375 quidam
828 3301 959 3358 sanctae
989 3294 1072 3356 vitae
1100 3301 1135 3356 et
1162 3291 1329 3370 honestae,
1355 3295 1417 3373 qui
1486 3285 1493 3296 '

472 3392 669 3472 parochiam
701 3394 855 3474 regebat,
886 3392 985 3475 cujus
1010 3390 1222 3456 consuetudo
1255 3391 1348 3467 talis,
1378 3400 1420 3456 ut

471 3491 623 3571 quotidie
655 3510 755 3554 mane
787 3510 934 3573 surgens
960 3490 1195 3555 coemeterium
1222 3489 1420 3554 circumiret

470 3597 507 3651 et
532 3609 596 3671 pro
624 3590 805 3653 animabus
835 3591 999 3667 omnium,
1024 3607 1169 3671 quorum
1198 3588 1246 3651 ibi
1271 3608 1419 3672 corpora

470 3687 705 3768 quiescebant,
733 3696 865 3771 septem
890 3690 1042 3771 psalmos
1067 3689 1214 3753 devotus
1235 3695 1417 3768 cantaret;

470 3793 565 3849 caste
596 3795 763 3868 praeterea
793 3787 895 3864 vixit,
929 3795 964 3851 et
994 3789 1094 3851 bonis
1122 3787 1284 3869 operibus
1311 3794 1418 3868 atque

469 3893 600 3950 sanctae
611 3885 777 3950 doctrinae
791 3887 938 3962 sollicite
949 3887 1101 3950 studium
1117 3885 1298 3967 impendit.
1333 3886 1420 3950 Dae·

468 4003 587 4048 mones
602 4005 684 4049 vero
704 3987 740 4047 in
762 3985 907 4050 concilio
931 4004 995 4050 suo
1017 3985 1218 4049 multotiens
1236 3987 1420 4066 conquesti

468 4091 551 4147 sunt
569 4084 612 4146 de
629 4104 682 4161 eo,
696 4084 787 4166 quod
804 4085 920 4148 nullus
935 4105 1054 4149 eorum
1072 4103 1093 4146 a
1109 4084 1288 4166 proposito
1302 4085 1417 4166 ipsum

502 4255 648 4308 ¹Matildem
658 4260 680 4321 ,·]
698 4260 847 4308 afterwards
862 4273 926 4308 mar·
951 4260 994 4308 tha
1013 4260 1086 4322 Lion,
1106 4259 1176 4309 duke
1196 4260 1225 4309 oi
1243 4261 1346 4322 Saxony
1364 4265 1416 4312 and

465 4328 520 4375 ried
532 4332 558 4376 to
571 4329 658 4389 Henry
667 4330 709 4378 the
720 4329 926 4392 filth,surnaned
953 4331 1079 4390 Bavaria3
1096 4331 1141 4379 she
1152 4329 1212 4378 died
1224 4331 1251 4378 in
1263 4334 1336 4382 1189.
