3178 5194
457 524 597 574 scotres
621 523 891 574 ursronrnnun.
1079 511 1144 578 407

233 756 324 832 Quod
339 777 394 824 roo
407 756 605 823 Francorum
620 756 793 842 Philippis
809 779 935 844 repono
949 739 1038 824 onim
1052 758 1107 826 sod

362 856 558 940 dispositione
573 857 654 942 repis
668 857 795 944 Aoqiioc.
808 859 966 924 commisit.

239 978 344 1048 Auno
362 981 505 1046 Domini
524 997 714 1049 nouxxxr.
730 975 824 1046 ¹cum
844 1001 907 1048 rex
928 982 1140 1048 Francorum
1153 1000 1280 1100 lpffiipngk

187 1079 387 1164 Philippus,
413 1079 619 1163 quibusdam
645 1081 688 1145 de
715 1081 787 1145 suis
812 1082 877 1148 sibi
910 1082 954 1146 ad
982 1101 1301 1171 memori-monnon-

185 1199 246 1244 am
274 1180 530 1257 reducentibus,
560 1181 782 1262 cognovisset
806 1180 956 1264 qualiter
980 1201 1043 1248 rex
1066 1181 1138 1246 An·
1166 1151 1288 1243 iiiiii„

184 1280 325 1362 giorum
347 1298 492 1361 regnum
518 1298 618 1344 suum
647 1287 719 1344 tam
745 1279 816 1344 late
838 1280 998 1346 diffusum
1022 1300 1044 1346 a
1066 1252 1229 1350 tomfflm'

184 1379 344 1444 barbaris
366 1379 577 1456 nationibus
602 1378 715 1446 Sectis
739 1379 872 1445 scilicet
894 1386 929 1444 et
950 1379 1138 1447 Wallensi·

183 1480 265 1557 bus,
280 1478 422 1561 pacifico
436 1479 656 1561 gubernaret,
671 1478 714 1542 de
730 1479 903 1544 communi
917 1479 1062 1546 consilio
1077 1479 1138 1545 do·

184 1579 408 1643 mesticorum
435 1596 575 1642 suorum
604 1578 763 1660 praedicti
793 1580 886 1661 regis
918 1579 1137 1661 dispositioni

183 1697 288 1744 omne
315 1695 459 1759 regnum
481 1696 582 1742 suurn
604 1685 639 1742 et
661 1697 699 1742 so
719 1678 834 1761 ipsum
857 1680 1047 1761 commisit3
1071 1679 1136 1746 hoc

184 1777 291 1841 etiam
306 1777 466 1859 exemplo
483 1796 546 1841 rex
563 1775 759 1858 Auglorum
779 1777 915 1854 ductus,
933 1798 1010 1844 oum
1026 1786 1135 1844 totam

186 1875 439 1940 Normanniam
458 1876 521 1940 filii
540 1877 595 1941 sui
614 1877 706 1957 regis
725 1876 945 1960 dispositioni
965 1897 1134 1960 suppone

183 1983 252 2053 ret„
270 1983 395 2040 octavo
417 1974 584 2040 kalendas
606 1973 760 2057 Augusti
782 1977 818 2040 in
836 1975 1001 2057 Angliam
1023 1983 1136 2040 trans·
1208 1977 1211 1986 '

182 2075 258 2140 iens
280 2075 418 2140 beatum
435 2075 606 2139 Thomom
626 2082 812 2157 martyrem
833 2075 1000 2142 orationis
1020 2077 1135 2156 gratia

183 2175 351 2240 visitavit.
378 2174 508 2239 Eodem
521 2193 613 2242 auno
625 2168 818 2256 ²Rogerus,
834 2173 1063 2238 Eboracensis
1080 2193 1135 2238 ar-

183 2273 435 2357 chiepiscopus
457 2275 547 2340 diem
569 2273 695 2342 clausit
715 2267 914 2356 supremum
933 2272 1134 2338 duodecimo

186 2372 352 2440 kalendas
380 2374 594 2451 Decembris,
616 2367 694 2456 ³qui
718 2373 830 2438 adbuc
851 2372 971 2438 vivens
996 2391 1017 2436 a
1042 2391 1134 2455 papa

184 2471 387 2538 Alexandro
403 2474 624 2556 privilegium
645 2473 903 2555 impetraverat,
920 2479 971 2548 ut,
989 2472 1020 2534 si
1035 2470 1132 2536 cleri·

185 2591 247 2637 cus
266 2592 340 2637 suoe
354 2571 590 2656 jrrrisdictioui
608 2573 821 2654 suppositus,
840 2590 949 2652 agens
966 2572 1002 2636 iu
1020 2577 1131 2636 extre-

184 2673 261 2749 mis,
281 2679 524 2740 testamentum
545 2671 730 2738 conficeret
749 2680 784 2736 et
803 2672 952 2754 propriis
974 2671 1132 2736 manibus

183 2771 274 2834 bona
295 2791 359 2836 sua
385 2772 535 2837 moriens
562 2792 630 2837 non
653 2772 885 2847 distribueret,
907 2770 1134 2852 archiepisco„

183 2888 249 2947 pus
270 2870 412 2935 haberet
433 2871 634 2938 facultatem
655 2871 832 2957 injiciendi
849 2890 972 2936 manus
988 2871 1024 2934 iu
1042 2871 1133 2934 bona

182 2962 356 3043 defuncti3
375 2974 421 3042 et,
439 2971 601 3048 quoniam
619 2972 711 3050 quod
728 2973 874 3054 quisque
886 2970 977 3054 juris
994 2971 1030 3035 iu
1047 2970 1131 3034 alte.-

183 3080 259 3125 rum
281 3063 453 3139 statuerit,
476 3067 528 3128 uti
549 3067 652 3129 debet
674 3070 792 3134 eodem
812 3069 904 3150 jure,
932 3075 1011 3152 post
1040 3089 1130 3132 mor·

184 3168 253 3227 tem
284 3161 532 3244 archiepiscopi
558 3182 784 3246 quaecumque
816 3172 954 3246 reperta
984 3173 1066 3229 sunt
1094 3169 1131 3231 in

183 3260 356 3326 thesauris
379 3260 454 3344 ejus
472 3261 570 3345 justo
592 3269 675 3326 suut
698 3263 765 3328 Dei
783 3263 916 3345 judicio
931 3264 1131 3338 confiscata,

183 3381 330 3444 quorum
347 3380 482 3426 summa
501 3361 567 3424 fuit
584 3361 742 3427 undecim
758 3361 866 3427 millia
881 3362 979 3425 librae
996 3365 1131 3444 argenti

182 3468 218 3524 et
237 3462 333 3524 aurei
351 3459 507 3538 trecenti,
527 3457 628 3543 [una]
646 3481 760 3544 cuppa
780 3479 886 3525 aurea
905 3468 940 3524 et
958 3470 1131 3543 argenteae
1151 3531 1152 3534 ,

182 3567 327 3642 septem,
345 3560 466 3642 scyphi
489 3561 644 3641 argentei
668 3580 804 3637 novem,
827 3561 895 3622 tria
911 3560 1057 3626 salsaria
1078 3581 1131 3625 ar-

182 3666 320 3740 gentea,
339 3667 408 3724 tres
426 3678 548 3743 cuppae
565 3653 756 3738 4murtinae,
772 3658 966 3724 cochlearia
981 3660 1131 3742 quadra-

182 3759 292 3839 ginta,
322 3765 400 3823 ooto
429 3760 583 3823 scutellae
614 3768 801 3840 argenteae,
826 3758 938 3840 pelvis
967 3766 1132 3840 argentea

180 3865 215 3920 ct
232 3859 347 3921 discus
364 3878 510 3940 maguus
525 3865 723 3940 argenteus·

216 4035 346 4096 {Cumrex
358 4035 529 4100 Francorum]
541 4036 642 4096 Diceto,
702 4035 777 4092 ³Qni
795 4036 873 4084 adbuc
891 4034 1006 4100 ciconas]
1031 4034 1133 4095 Diceto,

178 4103 227 4152 col.
239 4109 296 4154 611.
429 4127 433 4138 =
667 4107 716 4157 col.
728 4110 787 4156 614.

215 4170 371 4236 'Rogerns.]
387 4174 438 4223 For
453 4174 494 4223 his
510 4174 564 4236 life,
575 4189 642 4222 com·

180 4257 241 4304 parc
255 4244 414 4307 Newburgh,
429 4245 474 4294 lib.
494 4244 531 4294 iii.
548 4259 606 4306 cap.
617 4261 642 4294 v.
701 4235 863 4308 urorum]
882 4240 889 4268 ‘
903 4240 1041 4290 Macerinus
1050 4240 1067 4300 ς’
1083 4238 1133 4288 Di-

179 4313 500 4376 crimonosorum.
566 4353 568 4358 .
668 4317 732 4362 ceto.
