3190 5202
463 546 603 594 uuoans
627 547 898 597 ursvonranun.
1112 534 1156 597 13

200 703 377 765 manniam
400 701 571 764 transiens
599 702 635 763 in
659 720 764 764 manu
794 701 928 782 potenti
953 702 1018 764 sihi
1042 701 1154 766 Ceno·
1169 722 1224 782 ap.
1236 723 1291 762 1073.

200 801 376 863 manniam
403 800 625 883 subjugavit3
650 800 710 862 sed
726 799 835 880 Angli
860 801 896 864 in
920 800 986 863 hac
1012 801 1153 884 expedi·
1167 771 1272 870 diiii.

200 900 306 975 tione,
323 900 438 975 urbes
455 900 551 962 vicos
568 905 603 961 et
619 893 756 962 ¹vineas
772 918 850 962 cum
868 897 1025 979 frugibus
1043 920 1154 981 popu·
1168 871 1248 910 mm&

200 997 326 1075 lanteS,
343 1017 479 1061 ornnem
495 999 711 1078 provinciam
728 998 927 1062 debiliorem
944 999 1054 1061 multo
1074 1006 1154 1080 post

200 1104 355 1179 tempore
377 1097 602 1160 reddiderunt
621 1117 630 1175 ;
659 1096 794 1172 deinde,
814 1098 901 1160 bene
924 1097 1083 1160 omnihus
1106 1098 1154 1159 ihi

201 1194 390 1278 dispositis
406 1196 449 1257 ad
466 1194 630 1276 Angliam
652 1194 901 1258 transfretavit.
955 1195 998 1258 In
1020 1196 1084 1259 hoc
1106 1195 1153 1258 si-

201 1295 339 1375 quidem
362 1313 466 1370 anno,
489 1287 640 1357 ²duohus
665 1294 764 1356 annis
785 1295 921 1374 magnis
945 1295 1111 1357 revolutis
1132 1315 1154 1358 a

200 1394 323 1473 quinto
348 1393 480 1456 decimo
506 1412 596 1455 anno
619 1393 747 1455 Tiberii
770 1391 931 1468 CaesariS,
954 1394 1070 1455 omnia
1100 1411 1154 1456 se-

201 1491 350 1554 cundum
381 1510 519 1554 cursum
557 1491 641 1554 solis
674 1499 709 1553 et
737 1491 829 1554 lunae
859 1491 1070 1554 concordant
1102 1492 1153 1554 illi

201 1607 303 1666 anno,
326 1609 395 1671 quo
418 1591 615 1671 baptizatus
644 1597 698 1653 est
715 1589 873 1652 Christus
889 1589 912 1652 J
915 1608 1006 1664 esne,
1028 1590 1063 1652 id
1086 1598 1151 1666 est,

200 1697 325 1752 octavo
350 1690 427 1752 idus
452 1688 475 1751 J
478 1690 612 1752 anuarii
635 1689 690 1750 die
714 1687 919 1770 Epiphaniae
943 1697 978 1751 et
1000 1688 1056 1751 die
1079 1688 1152 1752 Do-

200 1789 337 1863 minica,
354 1789 491 1850 initium
501 1787 627 1870 jejunii
644 1787 719 1869 ejus
735 1788 771 1849 in
791 1786 944 1850 secunda
960 1786 1058 1863 feria,
1075 1794 1151 1850 ten-

199 1887 287 1950 tatio
315 1887 391 1970 ejus
416 1886 548 1950 decimo
571 1887 692 1968 quinto
718 1885 885 1949 kalendas
908 1885 1041 1962 Martii,
1067 1885 1153 1948 feria

199 1994 328 2063 sexta3
361 1985 467 2048 habet
495 1991 610 2048 autem
635 2004 783 2065 magnus
815 2003 926 2047 annus
957 1985 1046 2065 cycli
1071 2003 1150 2065 pas-

198 2083 307 2146 chelis
325 2084 437 2147 decies
452 2085 572 2147 novies
589 2102 698 2146 annos
714 2083 840 2164 viginti
855 2090 946 2159 octo,
964 2083 1025 2163 qui
1047 2082 1150 2145 simul

196 2181 310 2264 juncti
327 2183 459 2246 faciunt
475 2201 585 2245 annos
601 2182 809 2262 quingentos
825 2181 969 2261 triginta
986 2182 1084 2246 duos

410 2354 459 2416 De
475 2352 622 2417 scandolo
638 2353 812 2418 deecclesia
828 2361 939 2418 coorto.

250 2475 354 2540 Anno
371 2476 513 2540 Domini
530 2494 690 2542 MLXXIV.
709 2477 900 2558 Gregorius
922 2478 1013 2542 sedit
1034 2477 1076 2566 in¹
1092 2497 1150 2541 ca·
1162 2493 1285 2582 331210174.

199 2574 322 2638 thedra
345 2575 506 2639 Romana
532 2577 632 2640 annis
656 2576 847 2653 duodecim,
872 2597 988 2640 mense
1012 2567 1082 2639 uno
1115 2554 1251 2640 eteodfc‘d

199 2674 309 2736 trihus
326 2674 458 2738 diebus.
511 2675 584 2738 Iste
601 2695 694 2757 papa
709 2675 746 2738 in
760 2669 909 2757 ³synodo
929 2677 1083 2756 generali
1103 2677 1149 2738 si-

198 2773 374 2836 moniacos
389 2775 714 2849 excommunicavit,
732 2781 899 2837 uxoratos
915 2775 1112 2837 sacerdotes
1128 2793 1151 2836 a

200 2871 318 2935 divino
334 2873 481 2958 removit
498 2871 608 2935 officio
626 2879 662 2935 et
680 2873 778 2936 laicis
801 2873 923 2936 missas
946 2892 1065 2936 eorum
1088 2892 1149 2935 au·

199 2969 272 3033 dire
286 2959 477 3047 interdixit,
496 2990 586 3034 novo
603 2972 762 3053 exemplo
779 2978 825 3047 et,
843 2965 883 3034 ut
899 2972 1018 3035 multis
1036 2972 1148 3036 visum

199 3074 264 3146 est,
284 3070 538 3134 inconsiderato
556 3061 700 3152 judicio,
723 3077 844 3134 contra
865 3077 1065 3134 sanctorum
1087 3089 1148 3152 pa-

200 3174 292 3230 trum
326 3171 543 3244 sententiam,
571 3169 631 3250 qui
658 3169 880 3249 scripserunt,
910 3169 1001 3249 quod
1033 3188 1149 3231 sacra-

201 3271 328 3340 menta,
347 3285 424 3347 quae
444 3267 482 3327 ‘in
505 3265 650 3328 ecclesia
673 3265 772 3341 fiunt,
787 3267 971 3348 baptisma,
988 3267 1149 3342 chrisma,

201 3381 326 3444 corpus
345 3363 474 3426 Christi
488 3370 523 3426 et
537 3365 693 3446 sanguis
710 3365 842 3446 Spiritu
856 3365 1076 3429 invisibiliter
1092 3384 1150 3428 co-

200 3470 376 3543 operante,
389 3463 573 3525 eorundem
587 3470 880 3525 sacramentorum
895 3463 1053 3527 effectum
1070 3463 1150 3545 [ha-

200 3561 333 3640 beant],
350 3577 411 3623 seu
428 3581 490 3642 per
500 3562 621 3637 honoS,
636 3580 697 3624 seu
711 3580 773 3643 per
789 3561 898 3624 malos
909 3562 1002 3624 intra
1016 3561 1084 3623 Dei
1095 3558 1160 3650 ec}-

199 3659 338 3722 clesiam
358 3660 618 3740 dispensentur;
646 3666 761 3722 tamen
781 3659 863 3740 quia
880 3659 1028 3740 Spiritus
1046 3659 1152 3721 Sanc-

235 3881 241 3910 ¹
263 3883 387 3945 Vineam]
407 3883 480 3931 ‘laid
498 3889 579 3932 wasto
596 3883 662 3932 their
688 3881 809 3932 ‘Grande
821 3881 966 3943 Ohmnique
977 3882 1010 3930 de
1022 3882 1149 3931 Matthieu

199 3954 343 4014 vineyards,
360 3953 410 4002 and
428 3953 526 4002 bumed
543 3953 608 4001 their
626 3953 661 4001 ci·
688 3953 776 4012 Parim
797 3967 844 4012 par
856 3951 1123 4002 Huillard-Brehoues
1133 3947 1149 4011 ς’

199 4023 266 4072 ties!
301 4023 362 4072 San.
375 4021 468 4072 Chron.
688 4022 772 4080 Paris,
784 4025 856 4071 1840.

233 4089 436 4141 maalmam
446 4086 565 4157 mugnis]
584 4091 660 4150 Upon
722 4087 839 4153 3δψιοιίο
859 4089 970 4151 generali
980 4106 990 4146 ;
1008 4089 1019 4151 ]
1041 4088 1102 4137 held
1124 4093 1150 4136 at

199 4161 249 4210 this
260 4175 379 4221 passage,
390 4160 440 4209 and
451 4161 493 4208 the
504 4174 572 4209 error
582 4160 610 4207 of
618 4159 659 4209 the
687 4159 774 4208 Rome.
808 4159 861 4208 The
875 4158 1040 4220 proceedings
1056 4158 1086 4206 oi
1099 4157 1150 4206 this

199 4231 340 4290 Dionysian
352 4230 422 4288 cycle
433 4230 533 4278 noticed
543 4230 626 4278 below
634 4229 660 4276 in
687 4228 786 4280 council
798 4243 840 4276 are
857 4229 957 4288 printed
973 4230 1007 4289 by
1020 4227 1149 4288 Harduin,

200 4303 272 4360 10⁷6,
284 4313 327 4347 see
337 4302 392 4346 note
404 4295 422 4359 ¹,
429 4303 456 4346 at
465 4299 508 4346 the
519 4299 569 4347 end
580 4299 609 4347 of
618 4297 660 4347 the
686 4297 721 4348 vi.
732 4299 781 4346 col.
795 4301 867 4348 1521.
