3144 5180
425 503 563 552 teones
586 503 856 554 ursromiruu.
1051 485 1116 551 827

157 657 370 738 quiesceret,
392 660 560 726 sanctitas
577 667 706 736 vestre,
729 679 807 742 qna
831 659 898 724 huc
919 679 1030 742 usque
1052 679 1113 742 pe·
1126 677 1180 718 nn.
1193 679 1248 718 tro.

90 818 99 829 ,
162 756 290 821 flenter
318 759 495 835 sustinuit,
522 757 668 826 ulterius
689 758 725 824 in
748 758 918 840 patientia
941 760 1112 824 sustinere
1123 727 1234 868 ἷῖἓῖεῗκ

161 874 232 918 non
261 864 393 938 posset.
447 857 530 939 Ipse
563 876 647 926 voro
679 857 925 925 correctionem
956 866 1110 924 nostram
1123 838 1150 867 ⁸⁰
1173 828 1252 868 “hm

161 954 274 1024 muln
308 956 500 1036 gratiarum
536 957 673 1024 actione
706 955 900 1038 suscipiens
933 957 1110 1042 multaque

159 1053 269 1119 animi
289 1054 461 1121 modestia
480 1061 732 1137 consequenter
752 1054 798 1122 ad
813 1055 953 1136 singula
968 1074 1110 1138 respon·

160 1151 233 1230 dit;
262 1152 300 1220 in
320 1153 440 1235 primis
456 1173 627 1231 asserens,
647 1161 795 1222 montem
808 1173 907 1218 sumn
923 1173 945 1217 a
957 1155 1056 1218 vobis
1071 1173 1109 1218 se

160 1250 362 1336 nunetenus
377 1254 558 1329 avertisse,
574 1273 638 1318 nec
656 1253 691 1319 id
710 1271 862 1334 unquam
884 1253 1009 1319 mentis
1028 1272 1108 1336 pro·

160 1349 278 1429 posito
292 1351 503 1432 concepisse,
521 1352 617 1433 quin,
632 1352 714 1418 dum
737 1355 919 1432 paternam·
939 1352 1005 1416 sibi
1027 1371 1107 1431 gre-

161 1449 247 1515 tiam
272 1448 510 1527 exhibueritis,
527 1469 592 1516 vos
607 1457 647 1518 ut
665 1457 798 1532 patrem
817 1450 941 1533 diligat
956 1458 992 1516 et
1007 1469 1107 1514 senc-

158 1556 235 1613 tam
266 1547 463 1618 Romanam
494 1550 673 1618 ecclesiam
701 1557 884 1616 veneretur
914 1557 950 1614 et
978 1549 1109 1627 foreat,

158 1654 197 1710 et
210 1647 321 1715 sacris
336 1647 551 1730 jussionibus
568 1649 705 1724 vestris,
720 1648 820 1715 salva
834 1649 900 1712 sibi
915 1667 979 1712 sua
994 1650 1108 1730 regni·

156 1763 231 1825 que
261 1747 316 1811 sui
337 1745 518 1828 dignitate,
541 1747 716 1816 humiliter
733 1748 946 1830 obtemperet
971 1755 1007 1810 et
1027 1749 1105 1812 ube,

160 1843 262 1923 dian
295 1845 388 1928 quod
412 1845 443 1911 sl
463 1866 527 1912 vos
543 1847 617 1930 jam
644 1846 846 1928 aliquandiu
866 1865 934 1910 non
956 1847 1110 1928 respexit

161 1933 268 2010 solita
293 1946 500 2021 reverentia,
518 1946 607 2015 banc
626 1943 730 2028 hujus
753 1946 803 2011 rei
820 1963 960 2012 causam
983 1945 1110 2010 asserit

161 2061 248 2117 esso,
268 2044 372 2124 quod,
399 2063 478 2111 cum
493 2045 592 2112 vobis
611 2045 648 2112 in
669 2045 876 2110 necessitate
896 2051 972 2108 toto
995 2043 1110 2120 eorde,

161 2148 238 2208 tota
259 2149 387 2218 mente,
407 2142 491 2209 totis
510 2143 640 2214 viribus
661 2142 847 2219 adstiterit,
866 2143 932 2208 sibi
955 2150 1109 2224 postmo-

160 2241 243 2305 dum
259 2241 296 2308 in
311 2242 517 2312 necessitato
534 2261 597 2324 per
618 2242 759 2310 nuntios
780 2241 970 2308 recurrenti
988 2241 1033 2306 ad
1048 2261 1110 2306 vos

160 2339 266 2420 digne
281 2360 345 2422 pro
360 2342 493 2411 meritis
508 2348 625 2412 vestre
642 2341 810 2410 sanctitas
825 2361 894 2408 non
919 2339 1110 2421 respondit,

159 2439 220 2504 sed
237 2438 275 2505 in
289 2441 384 2509 omni
405 2440 478 2507 fere
496 2441 663 2523 petitione
676 2457 741 2507 sua
757 2459 795 2506 se
811 2440 983 2522 repulsam
1000 2438 1107 2502 susti·

159 2538 276 2605 nuisse
292 2541 515 2622 conqueritur
524 2547 560 2607 et
575 2540 757 2606 erubescit.
801 2539 855 2604 De
872 2546 1017 2621 paterna
1027 2557 1109 2601 con·

159 2637 243 2701 fisus
266 2639 395 2718 gratia,
413 2657 492 2720 quae
505 2639 627 2714 filium,
642 2657 719 2708 cum
734 2637 841 2714 volet,
859 2637 1015 2712 exaudit,
1031 2635 1107 2700 vul·

160 2744 215 2810 tus
237 2755 383 2818 sperans
398 2745 434 2802 et
447 2743 655 2823 exspectans
669 2735 833 2813 laetiores,
849 2735 885 2802 in
901 2736 995 2801 beati
1012 2734 1108 2798 Petri

159 2843 194 2899 et
209 2843 339 2912 vestra,
354 2844 394 2900 ut
410 2835 540 2904 dictum
562 2843 629 2913 est,
649 2834 817 2902 fidelitate
836 2833 1002 2902 immobili
1024 2852 1108 2898 con·

159 2936 291 3007 stantia
308 2943 526 3015 perseveram
552 2935 586 3001 id
602 2942 665 3009 est,
684 2933 778 3015 quod
794 2933 1015 3001 sanctitatem
1033 2951 1110 2996 ves·

160 3042 249 3096 tram
266 3032 409 3102 visitare
431 3033 603 3102 volentem
621 3032 751 3100 nullutn
771 3050 914 3112 prorsus
931 3030 1108 3113 impediet,

158 3131 218 3196 sed
236 3151 312 3207 nec,
330 3140 370 3195 ut
385 3132 522 3206 asserit,
543 3131 709 3198 hactenus
728 3129 920 3212 impedivit.
966 3123 1027 3194 ¹In
1045 3147 1109 3209 ap·

158 3229 417 3312 pollutionibus,
431 3250 475 3294 ex
496 3231 640 3312 antiqua
657 3229 755 3312 regni
772 3229 827 3295 sui
849 3226 1109 3301 consuetudine,

157 3329 192 3392 id
212 3329 279 3394 sibi
300 3331 337 3392 in
361 3331 413 3398 cis
431 3329 593 3396 vendicat
616 3339 653 3397 et
673 3327 826 3406 honoris,
845 3336 886 3392 ut
904 3327 949 3392 ob
972 3325 1109 3390 civilem

158 3447 300 3494 causam
331 3429 447 3496 nullus
477 3429 679 3494 clericorum
710 3428 809 3510 regni
839 3425 906 3504 sui,
932 3425 1000 3492 nisi
1022 3425 1110 3488 fines

158 3536 263 3595 exeat
275 3545 322 3590 an
336 3528 445 3609 ipsius
462 3528 667 3598 auctoritate
689 3534 725 3594 et
743 3525 909 3596 mandato
930 3525 989 3608 jus
1009 3542 1110 3590 suum

157 3627 315 3692 obtinere
329 3633 437 3708 queat
449 3628 546 3708 prius
559 3625 769 3708 experiendo
784 3630 975 3705 cognoseat
989 3643 1000 3702 3
1017 3621 1110 3705 quod

158 3726 190 3787 si
205 3745 270 3788 nec
291 3725 343 3793 sic
361 3725 562 3801 obtinuerit,
583 3723 826 3791 excellentiam
848 3729 1014 3798 vestram
1032 3722 1111 3802 ipen

195 3917 242 3968 ΙΙιι
252 3911 478 3986 apparatuum]
494 3915 549 3964 The
568 3930 622 3964 eor·
634 3911 735 4005 inultus
750 3914 899 3962 derisorum
910 3910 982 3972 regni
992 3910 1035 3960 mi
1044 3912 1113 3977 ejus·

159 3993 219 4049 rupt
228 4001 338 4048 passage
347 3986 478 4046 following
488 3985 581 4033 should
592 3986 622 4033 be
647 3985 705 4032 dem
725 3981 796 4044 regni
819 3981 882 4030 fines
904 3983 988 4037 exeat,
1005 3977 1054 4026 nisi
1077 3993 1111 4025 an

159 4058 220 4106 read
239 4057 318 4116 thou
340 4056 390 4104 ‘ln
409 4055 623 4116 appellationibus
647 4047 1056 4114 ipsiueanetoriteteetmendeto
1067 4047 1112 4108 Jne

160 4142 191 4176 er
214 4128 320 4188 antiqua
341 4125 414 4188 regni
438 4125 480 4174 eni
503 4124 624 4172 eonstitu-
649 4121 946 4182 sunmobtinereqneat,
960 4115 1113 4178 experiendo

159 4198 226 4244 tione
240 4197 268 4244 id
288 4195 337 4244 sibi
353 4193 466 4242 vindicat
482 4193 584 4241 nonoris
600 4197 625 4239 et
637 4224 639 4235 .
650 4185 808 4254 cognoscat?
825 4191 891 4238 inter
900 4204 961 4253 epp.
972 4201 999 4248 p,
1011 4189 1053 4234 dd.

161 4267 252 4327 oneris,
281 4271 310 4313 ut
336 4266 369 4311 ob
397 4264 497 4310 civilem
521 4244 640 4324 mummi
