3178 5194
421 591 559 639 neonus
583 591 853 642 ursnomnnuu.
1053 577 1120 644 375

168 747 229 811 filii
250 749 316 813 sui¹
331 750 490 814 militiam
513 749 605 832 apud
630 750 819 815 Dolensem
845 751 966 814 urbem
992 771 1013 815 a
1033 752 1118 830 suis,
1129 765 1250 809 &ll-¹1²&

169 867 190 910 a
221 849 422 922 Brebantiis
454 855 490 914 et
524 848 690 932 ruptariis
726 851 1015 930 circumclusam
1058 854 1117 933 qui

168 949 330 1012 continuo
364 968 473 1031 equos
513 949 702 1013 ascendens
734 950 893 1032 sequenti
932 969 1032 1014 mane
1071 953 1117 1016 ad
1195 951 1198 956 ’

167 1047 285 1110 urbem
312 1049 471 1130 pervenit
495 1047 689 1130 praelatam,
716 1055 753 1112 et
783 1049 941 1113 militiam
973 1049 1035 1113 lilii
1062 1051 1116 1114 sui

166 1145 231 1209 sibi
248 1154 499 1229 repugnantem
522 1167 584 1230 per
604 1147 679 1212 dies
698 1147 832 1231 aliquot
846 1148 1116 1231 comprehendit,

166 1245 239 1323 sed,
261 1247 465 1329 priusquam
487 1247 633 1324 veniret,
659 1247 810 1311 hostium
833 1265 975 1311 suorum
1002 1249 1114 1312 maxi-

165 1363 221 1408 ma
243 1346 430 1410 multitudo
446 1364 469 1409 a
487 1347 560 1410 suis
582 1346 745 1428 ruptariis
765 1346 879 1410 fuerat
897 1347 1115 1429 interempta.

167 1441 300 1527 Captus
327 1452 381 1509 est
403 1444 529 1508 ibidem
551 1465 666 1509 comes
682 1444 875 1510 Castrensis
894 1444 1114 1528 Ranulphus,

164 1542 225 1624 qui
242 1563 354 1626 nuper
375 1544 605 1626 transfugium
620 1543 702 1609 lecit
724 1544 767 1608 ad
787 1544 895 1608 filium
913 1563 1026 1622 suum,
1043 1545 1115 1609 Ra-

163 1641 316 1724 dulphus
337 1643 381 1707 de
407 1643 807 1724 Fulgeriis,.Willelmus
828 1643 1016 1721 Patricius,
1040 1644 1114 1720 Ra·

163 1741 315 1823 dulphus
330 1742 374 1806 de
389 1743 425 1806 la
443 1741 549 1818 Haie,
564 1742 792 1824 Hasculphus
810 1742 854 1806 de
872 1749 994 1807 sancto
1011 1743 1114 1809 Hila-

164 1841 230 1916 rio,
251 1848 288 1906 et
309 1860 387 1904 cum
409 1842 487 1906 istis
508 1842 635 1906 milites
656 1849 781 1924 quater
797 1842 932 1923 viginti.
984 1841 1114 1906 Eodem

164 1947 319 2022 tempore
339 1949 520 2023 magnates
538 1941 677 2024 Angliae
691 1960 769 2004 cum
787 1933 959 2005 ¹exercitu
978 1941 1114 2005 infinito

164 2040 208 2103 ad
227 2039 391 2122 Hugonis
411 2040 524 2123 Bigod
542 2040 739 2122 superbiam
761 2039 1011 2122 reprimendam
1033 2055 1113 2121 pro-

164 2140 258 2218 fecti,
273 2159 352 2204 cum
367 2140 409 2203 de
425 2138 518 2203 facili
533 2147 651 2222 posset
665 2138 872 2223 expugnari,
891 2137 982 2202 sicut
1003 2139 1113 2202 omni-

165 2241 230 2302 bus
250 2239 444 2317 videbatur,
470 2239 668 2304 interventu
691 2239 858 2321 pecuniae,
881 2237 972 2302 datis
995 2244 1030 2301 et
1055 2257 1113 2301 ac-

165 2340 275 2420 ceptis
296 2337 443 2402 induciis
467 2358 576 2421 usque
604 2339 648 2402 ad
677 2338 921 2414 Pentecosten,
949 2343 1114 2418 quatuor-

163 2437 273 2501 decim
302 2437 412 2501 millia
438 2436 703 2502 Flandrensium
729 2444 939 2502 armatorum
963 2455 1024 2518 per
1048 2435 1113 2499 Es-

165 2539 297 2600 sexiam
315 2543 352 2600 et
366 2535 528 2601 (lantiam
550 2555 709 2600 securum
725 2537 947 2619 praebuerunt
966 2535 1114 2600 conduc·

165 2644 239 2699 tum
256 2644 292 2700 et
307 2636 399 2718 apud
418 2637 593 2700 Doveram
613 2656 720 2701 naves
740 2637 784 2700 ad
808 2634 1113 2700 transfretandum.

166 2733 296 2800 Eodem
320 2754 412 2798 anno
434 2735 565 2799 electus
582 2734 844 2800 Cantuariensis
866 2734 1015 2798 Romam
1035 2753 1114 2816 pro-

165 2835 320 2899 ficiscens
343 2833 467 2899 habuit
487 2835 523 2898 in
545 2836 714 2900 comitatu
733 2834 1003 2899 Bathouieusem
1025 2833 1114 2898 elec·

165 2940 249 2999 tum.

129 3176 133 3182 .
161 3067 214 3174 De
229 3107 418 3174 subversione
432 3108 529 3172 castri
540 3105 687 3171 Anidobm
700 3113 729 3170 et
743 3123 858 3189 mepta
874 3102 993 3167 militia
1010 3110 1114 3188 capte.

215 3233 319 3297 Auno
337 3231 480 3296 Domini
495 3247 674 3294 ucuxxrv.
690 3223 871 3310 ²Rogerus
887 3227 930 3290 de
942 3226 980 3289 M
983 3226 1115 3291 olbraio
1127 3236 1183 3276 Δ«Β-
1193 3236 1250 3276 ¹¹⁷⁴·

1128 3288 1197 3335 noyer
1206 3288 1233 3326 da

166 3352 189 3396 a
204 3332 373 3396 fidelitate
388 3331 481 3412 regis
497 3331 643 3394 senioris
661 3328 824 3393 recedens
846 3327 882 3390 in
900 3325 1016 3390 insula
1028 3325 1114 3398 Axi·
1127 3338 1237 3427 {pm

165 3432 258 3496 holm
271 3432 451 3496 castellum
468 3432 513 3494 ab
528 3430 673 3512 antiquo
688 3427 840 3491 dirutum
856 3424 1051 3509 reparavit3
1070 3424 1114 3488 ad

163 3551 266 3614 quem
296 3530 483 3594 multitudo
511 3526 802 3593 Lincolnieusium
832 3525 974 3607 navigio
1000 3531 1115 3589 trans-

159 3637 266 3694 »vecta
287 3629 468 3694 castellum
491 3628 638 3707 obsedit,
655 3625 949 3691 constabularium
973 3631 1008 3688 et
1025 3623 1115 3687 mili·

163 3737 217 3794 tes
233 3748 352 3793 omnes
367 3730 411 3792 ad
425 3728 634 3792 deditionem
648 3724 775 3806 coegit,
789 3731 825 3788 et
840 3723 1020 3788 castellum
1035 3724 1116 3786 sub-

163 3830 278 3893 vertit
331 3828 463 3892 Eodem
491 3834 658 3910 tempore,
686 3823 797 3907 pridie
823 3822 991 3887 kalendas
1015 3820 1115 3899 Maii,

1044 3965 1110 3976 ιιι-..υ

199 4051 338 4102 ¹Exercita
356 4053 477 4118 infinita]
498 4053 569 4114 They
586 4067 629 4102 as-
657 4052 704 4100 col.
730 4054 796 4111 5⁷43
823 4048 957 4109 Hoveden,
980 4051 1037 4108 537,
1058 4047 1117 4096 who

157 4124 275 4172 sembled
293 4132 321 4172 at
338 4124 495 4184 Colehester,
513 4124 584 4184 Bury
602 4123 630 4172 S.
656 4121 720 4170 calls
730 4121 772 4168 the
783 4119 861 4168 eestle
873 4115 1117 4176 Kinardelerie,nad

163 4192 630 4256 Edmund's,and1pswieh;Dieeto,
657 4190 731 4250 adds,
750 4189 805 4237 that
825 4189 846 4236 it
870 4201 925 4236 was
952 4185 1060 4234 stormed
1083 4186 1116 4245 by

163 4263 284 4312 col.574.
385 4309 386 4312 ,
656 4259 785 4322 Geoffrcy,
808 4257 897 4318 bishop
920 4256 985 4305 elect
1006 4254 1035 4304 of
1055 4255 1117 4304 Liu-

199 4328 366 4393 ¹Rogerasde
376 4325 520 4410 Meliboia]
529 4331 639 4412 Diserte,
656 4329 721 4378 colu.
