3104 5186
467 576 512 644 84
728 593 863 642 uocem
887 593 934 642 nn
958 593 1166 643 wnunovun

304 763 430 864 sstsstssffi·
469 751 597 834 capita,
615 771 693 814 cum
712 753 917 836 quibusdam
940 753 1101 838 captivis,
1118 753 1162 817 ad
1178 753 1424 836 imperatorem

303 865 456 906 necturus·
469 852 669 934 dirigentes

683 1025 733 1089 Da
748 1023 931 1110 subfodiens
945 1033 973 1091 ct
988 1026 1084 1090 ruina
1099 1026 1207 1091 turris.
1231 1045 1234 1052 ’

303 1167 454 1218 segonum.
520 1147 589 1211 His
605 1148 658 1211 ita
672 1149 791 1229 gestis,
806 1149 938 1231 placuit
954 1148 1165 1230 principibus
1188 1152 1228 1209 ut
1249 1145 1422 1228 petrarias

469 1241 641 1330 aliasque¹
660 1247 838 1312 machinas
858 1247 902 1311 ad
924 1267 1041 1311 muros
1062 1248 1158 1311 urbis
1181 1246 1420 1329 applicarent;

468 1347 618 1428 dumque
639 1347 676 1409 in
694 1346 760 1410 boc
785 1348 953 1411 attentius
976 1346 1126 1410 artifices
1149 1346 1358 1421 laborarent,
1384 1352 1422 1408 et

468 1447 588 1508 urbem
613 1445 850 1528 frequentibus
878 1447 1140 1529 impugnassent
1167 1444 1421 1526 congressioni-

468 1545 546 1621 bus,
578 1545 748 1608 curriculo
779 1554 911 1628 septem
941 1544 1244 1621 hebdomadarum,
1269 1544 1421 1625 quadam

468 1643 524 1705 die
547 1644 705 1708 condicto
725 1645 768 1708 de
789 1665 884 1709 more
905 1645 1049 1722 insultu,
1066 1644 1153 1708 duos
1174 1642 1318 1718 nobiles,
1337 1642 1425 1706 Bal-

469 1740 641 1806 dewinum
667 1743 825 1808 videlicet
853 1744 1025 1809 calderon
1050 1750 1085 1808 et
1114 1742 1353 1806 Baldewinum
1380 1741 1423 1806 de

470 1839 578 1918 Gant,
594 1862 700 1905 unum
717 1843 817 1926 jactu
840 1842 1007 1926 lapidum,
1025 1843 1172 1906 alterum
1189 1842 1291 1926 Jactu
1311 1841 1423 1922 sagit-

469 1947 527 2017 tae,
545 1941 626 2004 dum
647 1942 835 2006 animosius
853 1944 890 2006 in
911 1943 1006 2006 urbis
1029 1942 1286 2024 expugnatione
1303 1940 1422 2004 decer-

469 2046 597 2116 tarent,
623 2042 733 2105 nostri
755 2042 881 2106 misero
904 2035 1093 2106 infortunio
1121 2039 1320 2104 amiserunt.
1375 2039 1420 2103 Iu

468 2139 536 2204 alio
554 2159 691 2222 quoque
706 2141 864 2205 similiter
879 2141 1054 2217 conflictu,
1070 2140 1113 2203 de
1128 2139 1321 2222 principum
1335 2158 1421 2202 con·

467 2237 546 2302 cilio
565 2240 703 2316 iterato,
721 2259 835 2303 comcs
851 2239 1049 2304 Willelmus
1067 2239 1110 2303 de
1134 2239 1254 2302 Foreis
1276 2244 1311 2302 et
1328 2237 1422 2302 Galo

468 2336 510 2400 de
548 2337 671 2401 Insula
704 2340 842 2419 sagittis
875 2339 1003 2404 confixi
1042 2338 1265 2416 ceciderunt3
1302 2336 1422 2420 Guido

465 2442 635 2515 praeterea
660 2435 702 2499 de
729 2435 908 2515 Possessa,
927 2439 982 2502 vir
1004 2438 1140 2514 nobilis,
1162 2436 1289 2501 ibidem
1316 2455 1421 2501 carne

392 2559 396 2565 ·
465 2533 601 2597 solutus
628 2541 693 2611 est,
719 2536 818 2616 gravi
847 2537 1045 2600 infirmitate
1076 2543 1267 2618 correptus.
1320 2534 1421 2614 Qua-

466 2631 545 2696 dam
560 2633 685 2697 iterum
701 2634 768 2719 die,
783 2636 864 2698 dum
882 2637 1053 2719 principes
1070 2635 1221 2699 universi
1237 2634 1418 2699 machinas

465 2749 548 2795 suas
565 2734 723 2797 certatim
740 2733 783 2797 ad
799 2754 934 2797 murum
949 2735 1175 2817 applicarent,
1191 2753 1305 2798 comes
1323 2733 1419 2797 Her-

465 2849 611 2894 mannus
624 2839 659 2896 et
674 2832 847 2897 Henricus
859 2835 901 2897 de
912 2833 1044 2910 Ascba,
1055 2833 1274 2910 Tbeutonici,
1289 2833 1419 2896 instru-

465 2937 619 2998 mentum
634 2931 807 3012 quoddam
823 2933 910 2996 satis
933 2933 1116 2996 artificiose
1138 2940 1417 3015 composuerunt,

465 3027 502 3089 in
527 3047 596 3109 quo
621 3031 755 3110 equites
777 3031 902 3113 viginti
929 3038 1172 3114 componentes
1207 3032 1250 3095 ad
1280 3050 1417 3094 murum

466 3126 719 3207 applicuerunt,
752 3149 830 3211 quae
862 3131 1001 3195 tandem
1030 3130 1234 3213 [machina],
1256 3131 1421 3195 instanti-

465 3225 530 3287 bus
546 3225 589 3288 ad
607 3226 851 3307 defensionem,
867 3251 1071 3312 magnorum
1088 3230 1239 3312 impulsu
1261 3228 1417 3311 lapidum

465 3321 516 3385 ita
538 3326 688 3391 contrita
711 3335 777 3405 est,
799 3336 839 3392 ut
864 3349 923 3393 cos
950 3331 1009 3411 qui
1033 3330 1124 3392 infra
1148 3335 1248 3392 erant
1272 3329 1422 3410 compri-

466 3429 574 3486 meret
603 3425 808 3506 univers0s3
850 3428 1030 3492 fervebant
1062 3435 1176 3492 autem
1206 3428 1265 3491 alii
1292 3427 1421 3492 nibilo-

465 3521 578 3585 minus
601 3524 638 3587 in
667 3545 754 3607 opus
785 3526 974 3610 inceptum,
1001 3534 1037 3591 et
1059 3527 1207 3590 assiduis
1232 3526 1420 3590 insultibus

465 3621 618 3702 requiem
650 3625 782 3688 civibus
813 3626 1074 3690 subtrahebant.
1131 3620 1265 3689 ²Lacus
1299 3632 1418 3690 tamen

464 3718 598 3784 civitati
615 3721 779 3806 adjacens
799 3733 996 3790 nostrorum
1020 3723 1195 3808 praecipue
1226 3725 1416 3807 praepedie-

463 3817 525 3881 bat
544 3839 645 3901 opus,
663 3841 743 3885 nam
761 3823 855 3888 cives
870 3845 932 3907 per
950 3845 1028 3888 enm
1049 3824 1191 3888 liberius
1208 3824 1416 3906 navigantes

498 4028 632 4097 ¹Aliueqae
650 4031 799 4105 muchlena]
825 4038 874 4086 For
892 4053 924 4086 an
987 4036 1109 4102 Ἥκω]
1126 4037 1260 4086 ‘Icanuot
1268 4035 1368 4084 forbear
1379 4051 1420 4084 re·

462 4108 570 4152 account
587 4103 617 4152 cf
632 4104 675 4154 the
694 4107 797 4168 engiues
816 4107 881 4157 used
899 4111 926 4157 at
951 4108 1068 4170 marking
1075 4108 1117 4156 the
1126 4105 1417 4157 resemblancebetween

462 4171 553 4234 meges,
570 4177 619 4223 etc.
637 4176 663 4222 iu
680 4175 723 4224 the
740 4177 834 4226 middle
854 4192 924 4239 ages,
950 4177 992 4226 the
1009 4179 1078 4237 siege
1094 4177 1144 4226 and
1160 4177 1220 4226 lake
1231 4176 1260 4224 of
1274 4175 1340 4222 Nice
1352 4175 1415 4222 with

462 4241 742 4306 seeMuratori,Antiq.
752 4245 811 4296 Ital.
825 4251 884 4298 tom.
896 4247 924 4296 ii.
949 4247 992 4296 the
1008 4247 1152 4308 operatione
1166 4247 1195 4296 of
1206 4246 1311 4294 Hernan
1323 4243 1416 4293 Gortez

462 4324 488 4374 P·
500 4312 557 4371 4⁵²2
569 4325 632 4374 lell-
949 4315 1033 4365 before
1050 4316 1172 4367 Mexico.'
1207 4315 1319 4375 Gibbon‚
1336 4313 1372 4362 xi.
1390 4328 1420 4374 p.

950 4389 1063 4448 §Lauta
