3144 5180
418 555 558 605 neonus
583 557 853 608 ursronnlnuu.
1044 545 1110 610 aas

154 705 319 770 introitus
342 713 395 776 est
418 708 494 770 caeli
523 714 558 770 et
583 707 732 771 caelestis
763 707 935 790 paradisi;
969 708 1244 790 quandoaurea.

154 806 245 868 enim
275 806 382 888 aliqui
414 825 435 868 a
469 795 567 869 nobis
601 807 779 882 recedunt,
810 807 890 870 hinc
919 808 955 870 iu
985 791 1106 871 caelum
1120 784 1271 884 ζὲἷξῖιῖῗῗέἶ

155 904 362 981 ascendunt,
392 912 428 968 et
459 905 625 985 quamdiu
654 905 710 968 hic
735 921 925 983 manemus,
954 907 1108 988 quotidie
1121 883 1141 922 θ’
1154 884 1226 923 ⁹⁸‘'¹⁰'

154 1003 262 1066 semel
288 1005 402 1086 pascit
423 1023 487 1067 nos
503 1005 581 1067 cibo
597 1005 729 1068 caelesti
745 1004 855 1082 Deus,
876 1013 912 1068 et
935 1006 1029 1088 quali
1051 1005 1108 1069 hic

154 1120 343 1183 pascamur
358 1103 448 1176 cibo,
465 1102 644 1166 nobiscum
668 1104 796 1167 senties
814 1103 1107 1187 jamgustando.²

155 1200 229 1265 Vix
247 1219 406 1265 sermone
422 1201 533 1278 linito,
548 1208 584 1264 et
606 1220 686 1265 ecoe
709 1203 809 1284 quasi
827 1203 943 1267 radius
959 1202 1106 1267 flammae

153 1299 246 1381 ignis
280 1301 324 1364 de
363 1300 449 1364 caelo
481 1299 692 1364 descendens
713 1302 874 1383 patriam
907 1309 1017 1365 totam
1048 1317 1107 1365 co·

155 1399 304 1480 operuit,
322 1407 358 1463 et
381 1399 482 1481 quasi
504 1419 567 1481 per
588 1400 703 1464 radios
726 1419 830 1482 super
852 1401 968 1483 capita
989 1400 1109 1482 singu·

155 1498 270 1561 lorum
296 1498 480 1562 subsidens
502 1497 643 1562 flamma
665 1498 804 1562 de'mum
827 1506 903 1563 tota
923 1499 959 1563 in
982 1500 1032 1563 eis
1054 1500 1109 1562 in-

156 1597 288 1677 travit3
321 1596 412 1660 unde
436 1598 535 1661 miles
561 1604 695 1662 tantam
723 1598 915 1662 dulcedinis
943 1598 980 1662 in
1004 1598 1108 1663 cordo

156 1696 261 1760 simul
294 1703 330 1760 et
360 1715 503 1778 corpore
535 1697 645 1760 sensit
674 1697 895 1774 suavitatem,
925 1698 1017 1779 quod
1046 1699 1107 1762 vix

155 1795 343 1881 intellexit,
370 1802 488 1859 utrum
508 1795 609 1860 vivus
634 1814 679 1858 an
705 1802 862 1860 mortuus
884 1797 1019 1874 suisset,
1046 1797 1106 1860 sed

155 1895 242 1959 hora
258 1895 321 1958 illa
334 1895 371 1956 in
385 1900 560 1958 momento
576 1893 751 1958 transivit.
804 1895 859 1959 Ibi
878 1896 978 1959 miles
998 1897 1108 1960 liben-

155 2001 209 2058 ter
238 1994 274 2057 in
301 2012 413 2057 aevum
440 1999 608 2070 maneret,
635 1993 665 2056 si
689 1993 755 2057 sibi
786 1993 851 2058 biis
876 1995 1010 2058 deliciis
1039 1994 1108 2059 frui

154 2092 289 2169 liceret,
311 2092 372 2156 sed
394 2099 473 2175 post
495 2092 581 2156 talia
604 2098 771 2174 tantaque
793 2092 951 2176 jucunda
971 2095 1003 2157 ei
1025 2094 1107 2156 tris-

154 2193 205 2260 tia
227 2192 436 2268 reseruntur,
453 2191 673 2269 ‘Quoniam'
696 2192 857 2274 inquiunt
881 2193 993 2256 sancti
1016 2212 1107 2274 prae·

155 2292 262 2367 sules,
281 2295 340 2354 ‘et
365 2290 518 2373 requiem
542 2292 735 2368 beatorum,
768 2298 807 2354 ut
829 2291 1043 2367 desiderasti,
1069 2298 1105 2354 et

156 2397 333 2455 tormenta
356 2390 525 2455 malorum
551 2409 642 2480 nunc
664 2410 728 2472 pro
756 2397 855 2473 parte
881 2390 1105 2472 conspexisti,

154 2497 296 2573 oportet
318 2496 353 2554 te
370 2489 457 2572 jam,
480 2497 520 2552 ut
542 2509 604 2572 per
625 2490 769 2554 eandem
792 2490 898 2565 viam,
918 2507 1105 2571 quavenee

152 2588 450 2670 raS,reverta1is;
474 2589 504 2651 si
523 2597 652 2666 autem,
678 2588 769 2672 quod
794 2589 897 2666 absit,
918 2587 1008 2652 male
1028 2589 1105 2652 vix·

156 2690 225 2752 eris
244 2687 369 2752 amodo
392 2688 434 2751 ad
460 2688 612 2752 seculum
638 2705 809 2765 reversus,
830 2687 949 2751 vidisti
974 2694 1106 2770 quanta

155 2793 190 2852 te
213 2793 420 2869 exspectant
441 2794 626 2864 tormenta,
652 2788 785 2851 sivero
807 2788 894 2850 bene
916 2787 1047 2851 vixeris
1069 2797 1104 2850 et

156 2887 330 2968 religiose,
361 2902 502 2949 securus
532 2893 619 2959 esto,
654 2886 737 2967 quia
761 2885 828 2949 huc
858 2886 902 2949 ad
937 2905 1001 2950 nos
1026 2905 1107 2967 per-

157 2986 275 3050 venies
298 2983 437 3067 quando
459 2985 503 3047 de
524 3002 667 3066 corpore
685 2985 809 3050 exibis.
862 2985 907 3048 Iu
929 2985 997 3048 isto
1019 3004 1104 3066 quo-

158 3105 226 3168 que
243 3083 369 3161 reditu,
399 3102 467 3165 quo
487 3102 577 3146 nuuc
604 3085 799 3162 reverteris,
824 3103 888 3147 nec
909 3083 1104 3149 daemonum

158 3187 332 3248 tormenta
362 3182 573 3258 formidabis,
599 3183 682 3265 quia
704 3183 878 3248 daemones
905 3183 949 3246 ad
972 3190 1008 3247 te
1034 3202 1104 3247 non

158 3283 333 3346 audebunt
357 3281 531 3358 accedere,
557 3300 620 3345 nec
643 3289 815 3346 tormenta
837 3282 900 3346 tibi
927 3289 1104 3365 poterunt,

158 3401 236 3466 quae
245 3380 379 3458 vidisti,
398 3380 546 3445 nocere.'
590 3381 689 3444 Tunc
706 3380 805 3444 miles
821 3379 908 3444 flens
922 3388 958 3444 et
970 3380 1105 3465 ejulans

158 3483 219 3559 ait,
231 3485 245 3515 ‘
257 3479 352 3543 Hinc
368 3479 543 3545 discedere
560 3499 630 3544 non
644 3479 757 3557 valeo,
774 3479 856 3563 quia
871 3479 973 3544 valde
988 3480 1105 3556 timeo,

152 3597 201 3645 ue
221 3599 283 3663 per
295 3579 519 3660 fragilitatem
542 3579 702 3642 humauae
723 3579 872 3642 miseriae
894 3579 1023 3661 aliquid
1046 3577 1105 3642 de·

156 3680 324 3762 linquam,
341 3679 431 3759 quod
449 3683 504 3743 me
514 3679 680 3762 impediat
695 3677 761 3742 huc
778 3677 915 3741 redire!
975 3678 1106 3754 ‘Nnn,'

153 3778 330 3861 inquiunt,
345 3778 459 3842 ‘siout
472 3784 511 3842 tu
527 3779 594 3856 vis,
612 3778 689 3855 erit,
705 3777 764 3841 sed
782 3777 874 3840 sicut
889 3776 966 3854 Ille,
987 3778 1048 3860 qui
1071 3784 1105 3841 et

156 3898 221 3942 nos
239 3886 274 3942 et
289 3886 323 3941 te
345 3876 439 3954 fecit,
454 3877 615 3953 voluerit,
631 3878 682 3941 ita
696 3877 779 3941 fiet.'
832 3876 986 3940 Moerens
999 3877 1106 3957 igitur

155 3984 194 4042 et
207 3978 331 4059 lugens
348 3975 447 4041 miles
462 3977 506 4039 ab
518 3977 567 4040 eis
582 3977 757 4040 reducitur
773 3976 816 4039 ad
832 3983 978 4058 portam,
998 3984 1046 4052 et,
1064 3995 1105 4039 en

154 4083 280 4141 contra
292 4075 508 4140 voluntatem
523 4095 621 4140 suam
637 4095 789 4157 egresso,
811 4075 984 4139 clauditur
1004 4081 1106 4158 porta

150 4183 237 4258 post
251 4177 377 4259 ipsum.
