3190 5202
446 527 587 576 anonas
610 529 881 580 n1sroa1snun.
1089 517 1133 582 71

183 688 304 770 pulum
319 688 586 765 committentes,
602 697 736 752 necnon
752 708 830 753 cum
844 689 1010 754 uxoribus
1029 689 1131 754 Hun-
1145 708 1201 750 aa.
1210 709 1269 748 raa

184 806 347 868 garonam
363 792 399 850 et
412 786 549 851 filiabus
571 807 643 850 rem
657 788 814 851 illicitam
828 789 997 853 violenter
1008 809 1131 872 perpe-
1143 759 1294 849 effla

183 892 340 964 trantes;
368 885 460 949 unde
482 905 547 950 rex
570 893 685 963 terrae,
709 887 763 949 ira
789 905 978 952 succensus
999 888 1131 970 dignis-

183 984 284 1061 sima,
316 985 483 1067 populum
517 985 563 1048 ad
589 1004 686 1049 arma
715 986 869 1049 concitat
898 988 935 1049 in
966 987 1132 1051 ultionem

182 1089 293 1146 tantae
317 1084 614 1165 transgressionis.
665 1083 822 1147 Tandem
844 1085 937 1166 apud
952 1085 1132 1167 Bellegra·

182 1182 275 1246 viam
288 1182 530 1264 praedictorum
541 1181 796 1246 multitudinem
811 1183 1018 1248 furiosorum
1032 1204 1132 1267 repe·

182 1281 324 1358 rientes,
335 1301 413 1344 cum
421 1300 461 1344 se
472 1287 711 1365 praepararent
719 1282 763 1345 ad
775 1282 1017 1360 resistendum,
1030 1291 1131 1348 erant

183 1380 313 1462 quippe
336 1379 402 1443 viri
432 1380 538 1445 fortes
567 1387 603 1444 et
626 1399 727 1444 usum
752 1400 925 1445 armorum
951 1381 1130 1459 habentes,

182 1485 322 1542 tentant
348 1477 428 1543 dolo
450 1479 588 1543 vincere
618 1498 706 1562 quos
731 1479 863 1544 viribus
890 1481 1128 1563 nequiverunt.

184 1577 298 1641 Missa
312 1576 420 1658 igitur
434 1577 609 1659 legatione
626 1577 670 1641 ad
689 1576 933 1642 Godescallum
950 1586 985 1643 et
1001 1581 1130 1663 prima-

182 1683 237 1739 tes
260 1677 445 1754 exercitus,
459 1683 695 1741 convenerunt
712 1695 771 1741 eos
786 1678 901 1741 verbis
923 1677 1077 1760 pacificis
1094 1680 1132 1744 in

182 1774 264 1840 dolo
274 1768 900 1857 diceutes;¹‘Pervenitaddominum
909 1783 1065 1840 nostrum
1076 1798 1131 1841 re·

182 1894 262 1956 gem
279 1875 397 1956 gravis
414 1876 639 1957 querimonia,
649 1874 880 1958 quodpopulo
896 1893 960 1939 suo
974 1895 1130 1940 enormes

182 1973 284 2036 nimis
307 1974 493 2038 intuleritis
518 1974 674 2057 injurias,
689 1975 781 2038 mala
805 1993 869 2058 pro
895 1974 993 2038 bonis
1010 1976 1131 2057 nequi·

181 2079 236 2134 ter
260 2071 507 2154 rependentes;
532 2074 629 2137 novit
652 2079 822 2155 praeterea
843 2092 919 2150 rex,
933 2073 1026 2155 quod
1047 2082 1131 2138 sunt

181 2171 347 2235 intervos
361 2172 425 2238 viri
441 2172 628 2254 prudentes
641 2178 677 2236 et
690 2171 851 2236 timentes
865 2171 992 2247 Deum,
1005 2173 1130 2253 quibus

181 2270 302 2334 invitis
328 2278 364 2334 et
392 2271 618 2350 renitentibus
646 2273 830 2336 commissa
857 2271 1023 2348 enormia,
1050 2291 1129 2353 quae

180 2388 299 2450 regem
323 2369 446 2434 merito
461 2369 507 2434 ad
525 2370 739 2434 iracundiam
762 2377 1016 2453 provocarunt3
1039 2370 1130 2434 unde

182 2469 313 2531 crimen
338 2469 553 2551 quorumdam
577 2469 613 2532 in
642 2489 762 2534 omnes
791 2469 972 2534 refundere
994 2489 1131 2547 verene,

181 2566 336 2633 decrevit
364 2569 555 2650 peregrinis
584 2587 724 2651 parcere
754 2569 790 2632 in
816 2568 993 2652 praesenti,
1023 2586 1129 2632 unum

182 2667 283 2730 vobis
306 2667 499 2744 denuntiat,
516 2674 555 2731 ut
571 2668 647 2751 ejus
670 2669 809 2732 omnino
836 2669 993 2749 quiescat
1014 2667 1130 2750 indig-

182 2766 292 2844 natio,
309 2772 349 2829 ut
363 2773 399 2830 et
416 2786 583 2848 personas
598 2774 733 2832 vestras
751 2773 787 2831 et
806 2767 1037 2830 substantiam
1052 2785 1130 2829 cum

180 2865 289 2928 armis
303 2866 462 2928 omnibus
485 2866 522 2928 in
546 2867 704 2930 manibus
733 2866 808 2949 ejus
834 2866 909 2929 sine
934 2863 1130 2930 conditione

180 2963 341 3042 tradatis,
359 2965 512 3046 alioquin
526 2984 591 3029 nec
607 2982 696 3028 unus
713 2983 758 3028 ex
774 2965 873 3028 vobis
887 2971 1032 3028 mortem
1049 2983 1131 3029 eva-

180 3061 253 3138 det,
264 3082 341 3126 cum
356 3070 563 3146 potestatem
576 3083 646 3128 non
659 3062 786 3127 babeat
795 3064 944 3146 populus
952 3062 1131 3145 fugiendi?

181 3159 412 3226 Godescallus
437 3161 544 3243 igitur
560 3170 596 3226 et
611 3163 784 3245 principes
805 3162 994 3245 legionum,
1011 3162 1054 3225 de
1076 3182 1129 3226 re-

180 3261 241 3342 gia
251 3262 465 3342 benignitate
478 3262 580 3324 nimis
593 3269 853 3344 praesumentes,
867 3260 1032 3344 populum
1046 3262 1130 3325 totis

181 3360 315 3423 viribus
338 3361 541 3424 renitentem
563 3360 788 3438 induxerunt,
809 3367 943 3424 etcum
964 3360 1069 3423 armis
1094 3367 1130 3424 et

181 3459 380 3522 substantia
405 3478 522 3522 eorum
537 3466 613 3524 tota
626 3459 663 3521 in
678 3461 771 3540 regis
792 3460 948 3540 potentia
962 3478 1000 3521 se
1014 3458 1131 3522 trade·

182 3564 273 3634 rent,
291 3565 326 3622 et
342 3559 392 3621 sic
417 3558 655 3623 satisfacerent
677 3559 920 3640 conquerenti;
944 3556 1131 3639 quodcum

180 3655 315 3720 factum
342 3656 475 3734 fuisset,
506 3657 587 3720 dum
614 3656 883 3721 misericordiam
914 3662 1131 3737 exspectant,

181 3762 328 3820 mortem
354 3756 553 3836 incurrunt;
584 3757 759 3820 irruerunt
783 3757 874 3820 enim
898 3756 935 3819 in
963 3755 1130 3839 populum

181 3854 379 3936 proditores
401 3854 453 3918 illi
479 3874 652 3919 armorum
671 3856 798 3919 solatio
824 3855 1040 3932 destitutum,
1060 3873 1130 3918 non

181 3953 436 4036 distinguentes
447 3954 583 4038 justum
599 3957 642 4019 ab
656 3955 774 4037 impio,
791 3961 827 4019 et
841 3962 994 4036 stragem
1010 3953 1132 4016 imma-

180 4052 361 4117 nissimam
389 4054 589 4132 inferentes,
616 4054 731 4118 locum
763 4053 963 4137 polluerunt
994 4053 1130 4115 univer·

219 4231 359 4284 ¹Peroeait
375 4237 407 4284 cd
423 4229 567 4307 dominam]
583 4237 637 4300 The
654 4237 737 4287 whole
755 4237 829 4287 letter
844 4238 867 4287 is
883 4238 956 4300 given
975 4237 1008 4299 by
1020 4235 1132 4284 William

178 4305 210 4354 oi
218 4304 295 4368 Tyra,
306 4321 332 4367 p.
344 4309 402 4355 648.
898 4339 900 4345 .
