3190 5202
332 699 390 742 Η).
399 701 457 742 lm.

332 1777 387 1817 AD
398 1777 475 1867 lolioor

332 1826 410 1876 Thucy

332 1876 388 1916 Dlou
361 1887 447 1927 y
402 1877 454 1918 l

325 3737 351 3777 A.
353 3739 380 3778 D.
385 3739 464 3829 1077.ο

494 512 541 577 18
752 525 886 576 aornar
911 525 958 574 nn
981 525 1189 574 wnnnovrrn

497 683 568 746 tias
584 680 804 763 respondere.
858 679 984 762 Igitur,
1007 685 1150 761 accepta
1166 677 1309 742 licentia
1329 677 1446 743 confe-

497 780 606 858 rendi,
623 799 701 844 cnm
722 779 897 862 paulisper
911 797 987 842 sese
1006 777 1378 854 subpulmentarius
1400 795 1445 840 ex

496 879 578 956 illis,
593 879 693 963 enjus
716 878 896 942 arbitrium
911 896 1030 942 omnes
1045 877 1309 958 exspectabant,
1324 875 1446 956 prmci-

494 979 647 1060 pitanter
675 977 789 1060 patria
812 977 933 1058 lingua
957 975 1059 1052 dixit,
1078 969 1108 1010 ¹‘
1124 974 1250 1038 Schort
1276 974 1349 1050 red,
1375 973 1444 1053 god

496 1075 568 1151 red,
585 1076 658 1140 slea
676 1094 719 1158 ye
738 1075 798 1138 the
817 1074 960 1156 bischop
973 1072 993 1153 ς’
1015 1074 1075 1156 qui
1094 1073 1301 1138 unanimiter
1317 1071 1445 1148 cuncti,

494 1175 600 1238 verbo
622 1173 770 1255 prolato,
793 1171 836 1235 ad
865 1191 962 1236 arma
986 1173 1221 1246 convolantes,
1244 1170 1442 1252 episcopum

494 1272 679 1335 crudeliter
700 1277 930 1354 peremerunt,
955 1277 991 1334 et
1014 1275 1153 1334 centum
1182 1269 1338 1332 homines
1364 1287 1442 1330 cum

496 1388 549 1445 eo,
571 1369 678 1451 juxta
702 1368 830 1456 flumen
853 1369 964 1454 Tyne,
992 1369 1052 1432 ubi
1075 1367 1207 1450 placita
1232 1366 1368 1430 letifera
1398 1367 1443 1430 ab

494 1466 657 1550 episcopo
674 1467 891 1532 tenebantur.

599 1640 642 1704 In
656 1639 710 1704 loe
726 1660 807 1706 anno
823 1638 953 1706 revelati
968 1648 1038 1706 neat
1052 1639 1112 1706 dae
1126 1639 1206 1703 anni
1218 1639 1334 1724 mepta.

546 1757 649 1826 Anno
664 1763 806 1828 Domini
827 1778 985 1830 nnxxvr.
989 1763 1076 1846 ,qui
1093 1769 1147 1827 est
1160 1781 1272 1826 annus
1288 1761 1442 1825 decimus

451 1827 617 1923 otertius
648 1862 749 1943 primi
776 1861 1062 1926 decennovenalis
1093 1861 1194 1943 cycli,
1226 1861 1263 1924 in
1294 1861 1442 1942 repetito

494 1975 584 2020 anno
616 1976 745 2040 magno
777 1959 949 2041 Dionysii,
971 1959 1106 2024 duobus
1133 1960 1270 2040 magnis
1294 1959 1395 2022 annis
1420 1976 1443 2020 a

493 2056 655 2137 passione
670 2057 810 2123 Domini
827 2058 1032 2134 revolutis,
1022 2077 1059 2122 rn
1076 2076 1146 2140 quo
1157 2058 1285 2132 omnia,
1301 2075 1379 2137 qum
1396 2055 1440 2120 ad

493 2172 630 2218 cursum
656 2157 739 2220 solis
765 2163 800 2221 et
821 2157 914 2220 lunae
942 2163 1113 2238 spectant,
1136 2174 1228 2219 anno
1247 2154 1440 2219 Dominicae

491 2251 738 2317 incarnationis
760 2254 991 2332 concordant3
1021 2253 1111 2318 unde
1136 2253 1356 2326 manifestum
1375 2257 1440 2328 est,

492 2350 585 2431 quod
610 2351 800 2433 Dionysius
826 2371 897 2415 non
919 2359 1011 2416 recte
1035 2370 1146 2416 annos
1174 2351 1316 2414 Domini
1342 2349 1440 2431 cyclo

492 2465 555 2510 eno
571 2448 751 2512 annexuit.
803 2448 896 2527 Quia
913 2451 1003 2514 enim
1019 2451 1062 2513 ab
1079 2468 1170 2513 anno
1184 2449 1325 2512 Domini
1338 2449 1440 2529 quin·

491 2546 682 2625 gentesimo
705 2545 881 2628 trigesimo
903 2547 1053 2613 secundo
1072 2546 1207 2629 cyclum
1227 2566 1327 2609 suum
1347 2546 1439 2608 ordi-

491 2643 600 2719 navit,
621 2644 768 2709 intendit
795 2644 954 2710 nimirum
979 2645 1154 2710 Christum
1183 2645 1290 2708 fuisse
1318 2652 1439 2708 natum

491 2757 583 2804 auno
597 2742 746 2806 secundo
761 2744 885 2824 prioris
899 2744 1017 2824 magni
1038 2745 1139 2821 anni3
1164 2750 1199 2806 et
1213 2762 1275 2824 per
1289 2742 1365 2818 hoc,
1383 2742 1440 2806 hic

491 2856 614 2914 annus,
634 2858 725 2904 auno
743 2840 935 2906 Dominicee
949 2842 1123 2923 passionis
1136 2841 1361 2916 concordans,
1378 2840 1438 2904 de·

489 2936 565 3000 buit
578 2956 654 3000 esse
667 2940 785 3020 magni
803 2941 892 3022 cycli
909 2957 1033 3014 annus,
1047 2959 1117 3003 non
1133 2939 1285 3002 decimus
1302 2938 1438 3016 tertiae,

490 3034 551 3096 sed
575 3037 771 3116 trigesimus
799 3039 933 3112 tortiles,
959 3038 1042 3119 quia
1067 3037 1189 3100 isfuit
1217 3055 1329 3100 annus
1360 3056 1438 3117 pas-

489 3131 595 3196 sionis
610 3133 769 3214 Domiui;
792 3143 827 3200 et
841 3155 902 3217 per
917 3136 1006 3198 hanc
1019 3135 1312 3217 consequentiam,
1327 3134 1438 3215 [cum]

489 3229 613 3292 solaris
627 3251 747 3296 cursus
765 3240 800 3296 et
818 3234 949 3296 lunaris
965 3232 1205 3315 [concordent]
1227 3233 1439 3313 evangelica

489 3328 640 3404 veritati,
657 3328 846 3411 Dionysius
865 3332 984 3412 posuit
1002 3332 1221 3394 nativitatem
1237 3328 1367 3393 Christi
1383 3331 1436 3393 vi-

488 3424 577 3503 ginti
592 3433 627 3490 et
643 3445 713 3490 uno
729 3447 820 3492 anuo
837 3429 970 3493 tardius
984 3448 1088 3511 quam
1101 3428 1258 3492 debehat.

570 3596 696 3662 Paulas
710 3598 838 3662 occhein
849 3599 951 3662 saneti
964 3596 1087 3662 Albani
1101 3595 1194 3660 atlas
1205 3597 1344 3678 epitritae

536 3716 641 3782 Auno
658 3719 799 3784 Domini
816 3712 1155 3783 nnxxv11.²Paulus
1170 3718 1439 3782 monaehnsCa-

424 3802 671 3892 af'domensis,
687 3824 810 3900 quarto
836 3816 1003 3880 kalendas
1021 3817 1120 3893 Julii,
1142 3817 1323 3886 ecclesiam
1342 3818 1435 3880 beati

486 3910 680 3994 Anglorum
700 3915 964 3997 protomartyris
985 3915 1171 3996 regendam
1189 3916 1353 3996 suscepit,
1376 3915 1437 3997 qui

519 4131 628 4186 ¹Sclrort
644 4138 709 4200 red]
725 4137 734 4167 ‘
746 4139 804 4188 Sort
820 4137 875 4201 red,
895 4138 945 4200 god
1003 4135 1121 4191 'Pana
1138 4138 1295 4201 monacha]
1315 4139 1363 4188 See
1391 4138 1432 4187 his

483 4203 537 4266 red,
548 4204 602 4255 slea
612 4220 665 4255 asa
676 4207 719 4256 the
730 4203 832 4270 hissop,’
846 4209 875 4258 C.
968 4207 1059 4337 Εῐεὲγ
1068 4207 1195 4258 Matthew
1204 4208 1289 4270 Paris,
1302 4208 1343 4258 ed.
1351 4209 1435 4270 Wets,
