3144 5180
409 536 550 588 rueras
572 538 845 589 nrsronrnnuu.
1031 525 1097 589 25⁷

143 698 268 775 solum,
291 703 331 761 ut
351 706 514 812 parentes
532 698 713 776 visitaret3
735 699 806 780 qui,
828 716 905 760 cum
926 693 1174 809 aliquam-um
1106 708 1162 749 Au
1172 711 1255 800 ¹¹⁵³n0

142 797 235 861 diu
224 816 264 860 ιιι
285 798 429 878 regione
449 797 512 862 illa
537 798 736 861 demoratus
759 797 893 873 fuisset,
916 797 1024 878 coepit
1048 798 1091 861 ad
1103 760 1255 901 gum&

141 903 292 960 mentem
319 897 483 960 reducere
507 897 616 961 vitam
638 915 736 960 suam
759 896 845 961 adeo
871 895 1092 977 flagitiosam,

141 995 231 1077 quod
250 997 328 1060 ab
317 997 403 1078 ipsis
429 995 611 1060 cunabulis
638 995 805 1059 incendiis
830 1014 966 1076 semper
988 1013 1092 1058 vaca-

142 1102 241 1159 verat
262 1102 300 1158 et
323 1095 466 1177 rapinis,
489 1102 536 1172 et,
556 1094 649 1178 quod
676 1095 787 1176 magis
810 1093 961 1170 dolebat,
978 1112 1017 1156 se
1039 1113 1091 1158 ee

141 1192 326 1258 clesiarum
345 1193 452 1258 fuisse
471 1193 675 1259 violatorem
695 1199 730 1257 et
749 1211 863 1256 rernm
885 1191 1091 1258 ecelesiasti-

141 1309 260 1356 camm
274 1293 483 1370 invasorem,
495 1300 622 1375 praeter
633 1291 745 1356 multa
761 1291 925 1366 enormia,
940 1309 1019 1373 quae
1034 1292 1088 1353 in-

140 1389 312 1457 trinsecus
328 1391 497 1467 latebant,
520 1397 676 1474 peccatu.
731 1390 834 1454 Miles
856 1390 965 1472 igitur
979 1391 1090 1471 poeni-

141 1491 252 1554 tentia
275 1490 402 1554 ductus
431 1490 475 1554 ad
503 1490 703 1572 episcopum
726 1488 897 1572 quendam
921 1488 1014 1552 illius
1038 1508 1088 1552 re-

141 1587 255 1668 gionis
275 1588 434 1666 accessit,
449 1589 505 1652 cui
522 1608 600 1652 cum
619 1595 764 1672 peccata
782 1606 847 1651 sua
864 1588 1010 1654 devotus
1026 1608 1090 1670 per

141 1687 295 1751 ordinem
318 1689 508 1765 retulisset,
526 1688 721 1772 increpavit
741 1706 819 1751 eum
843 1687 998 1768 graviter
1016 1688 1087 1768 epi·

140 1805 277 1869 scopus,
309 1806 467 1852 asserens
496 1787 593 1852 illum
624 1787 726 1850 nimis
755 1781 908 1850 divinam
942 1786 1087 1849 clemen-

140 1885 222 1949 tiam
252 1885 458 1966 offendisse3
489 1888 581 1950 unde
606 1886 705 1950 miles
729 1885 875 1949 multum
901 1886 1086 1950 contrista-

140 1990 195 2048 tus
221 1986 302 2050 Deo
327 1987 533 2068 condignam
554 1985 667 2050 faeere
692 1985 934 2068 poenitentiam
956 1984 1087 2064 cogita-

142 2084 203 2148 vit.
256 2085 452 2167 Episcopus
466 2092 595 2162 autem,
610 2092 651 2149 ut
662 2084 796 2168 justum
812 2083 878 2148 sibi
893 2083 1086 2158 videbatur,

140 2182 260 2247 volens
279 2185 313 2248 ei
331 2183 490 2264 infligere
506 2184 759 2266 poenitentiam,
778 2182 876 2246 miles
897 2182 1087 2263 respondit,

141 2282 263 2350 ‘Dum
288 2281 408 2364 igitur,
432 2289 473 2345 nt
498 2283 637 2359 asseris,
664 2281 848 2346 Factorem
874 2300 989 2345 meum
1014 2285 1086 2345 tam

13 2421 14 2426 κ
141 2383 297 2461 grauiter
320 2381 532 2459 offenderim,
555 2381 796 2463 poenitentiam
815 2385 990 2444 assumam
1018 2400 1087 2444 om-

140 2481 240 2546 nibus
264 2481 479 2562 poenitentiis
503 2480 711 2562 graviorem,
734 2487 782 2556 et,
804 2486 844 2543 ut
865 2487 1086 2561 peecatorum

14 2625 15 2630 η
137 2597 300 2643 meorum*
315 2599 448 2643 merear
471 2579 706 2644 remissionem
728 2578 896 2660 accipere,
919 2585 1086 2660 purgato-

138 2679 228 2742 riur'n
247 2679 362 2743 sancti
383 2678 528 2743 Patricii
544 2678 625 2743 volo
640 2677 796 2743 intrare!
847 2677 902 2741 De
922 2677 988 2743 ho'c
1001 2696 1086 2759 quo-

139 2787 205 2861 q'ue
233 2778 451 2860 purgatorio,
480 2784 516 2842 et
543 2776 619 2862 ejus
647 2776 792 2857 origine,
818 2776 910 2857 quod
932 2777 1089 2859 sequitui

138 2877 281 2942 tradunt
294 2883 429 2942 veteres
445 2876 599 2942 historiae
617 2874 865 2940 Hibernenses.

326 3055 375 3118 Dc
389 3054 508 3120 retiam
516 3055 701 3140 perpulerit
714 3054 901 3138 stipendiati.-

189 3175 345 3258 Magnus
365 3169 569 3254 ¹Patrieius,
589 3177 672 3241 dum
697 3178 732 3241 in
754 3176 924 3242 Hibernia
945 3181 1087 3243 verbum

139 3275 207 3338 Dei
223 3275 431 3357 praedicaret
448 3282 484 3340 et
502 3276 621 3340 multis
642 3276 690 3339 ibi
710 3276 953 3341 miraculorum
976 3277 1085 3359 signis

139 3380 351 3462 coruscaret,
378 3374 542 3460 bestiales
569 3375 663 3438 illius
688 3376 811 3457 patriae
840 3375 994 3440 homines
1019 3384 1085 3439 ter-

137 3493 215 3537 rore
232 3473 454 3538 infernalium
468 3477 716 3539 tormentorum
737 3493 778 3537 ac
798 3474 952 3557 paradisi
970 3494 1087 3541 amore

139 3572 345 3654 gaudiorum
363 3572 546 3638 amortuis
563 3574 697 3637 studuit
718 3574 881 3655 operibus
903 3594 1085 3656 revocare;

140 3671 201 3734 sed
220 3671 290 3754 ipsi
309 3671 415 3754 plano
437 3691 595 3736 sermone
613 3671 841 3749 affirmabant,
861 3675 905 3736 se'
919 3694 987 3738 non
1004 3696 1086 3740 con-

140 3789 303 3834 versuros
315 3771 361 3834 ad
376 3770 563 3849 Christum,
580 3772 646 3835 nisi
660 3771 799 3836 oculata
812 3772 879 3836 fide
895 3774 990 3855 prius
1004 3791 1088 3837 con-¹

141 3869 326 3950 spicerent,
347 3890 425 3952 quae
445 3871 616 3952 promisit.
656 3871 759 3935 Unde
773 3872 897 3935 beatus
914 3870 1086 3935 Patricius

143 3967 223 4032 dum
239 3988 305 4050 pro
321 3969 435 4034 salute
450 3970 571 4054 populi
587 3971 623 4034 in
639 3970 795 4055 jejuniis,
810 3971 938 4053 vigiliis
961 3977 995 4033 et
1009 3990 1088 4035 ora*

141 4067 293 4132 tionibus
323 4070 459 4150 positus
493 4070 680 4134 Dominum
713 4077 912 4152 precaretur
942 4069 1089 4151 propen-

188 4298 197 4329 ¹
209 4302 357 4366 Patricius]
372 4293 496 4366 Compare
506 4303 565 4354 Act.
578 4303 623 4353 SS.
635 4316 714 4352 mens.
727 4301 805 4352 Mart.
816 4305 876 4353 tom.
888 4301 916 4350 ii⁴
927 4303 976 4352 col⁴
989 4307 1045 4352 589.

195 4390 271 4440 VOL.
291 4393 332 4441 ll.
