3104 5186
387 629 524 678 anonas
547 629 815 677 ursroumuuu.
1013 607 1080 676 149

128 793 160 852 et
183 807 205 850 a
224 787 374 851 sinistris
401 787 570 862 comitari,
595 805 658 849 nec
681 784 755 860 ulla
780 803 884 867 posse
909 784 1075 850 violentia
1087 797 1152 888 ὦ
1154 799 1211 888 1⁰22·

128 886 331 968 praepediri3
364 886 456 969 quod
486 886 602 948 hostes
632 885 766 947 eminus
792 886 977 962 intuentes,
1009 858 1239 949 subruerim-

127 985 296 1050 solaribus
308 986 416 1049 radiis
430 985 599 1048 hebetatis
610 983 809 1060 luminibus,
823 991 905 1047 ante
915 984 1074 1067 praelium

128 1085 248 1146 animis
275 1084 513 1160 conciderunt,
545 1083 722 1146 credentes
750 1083 965 1146 innumeram
998 1103 1075 1148 esse

127 1183 379 1247 multitudinem
397 1189 619 1257 armatorum,
642 1183 800 1263 quamvis
814 1188 849 1244 et
865 1183 951 1265 ipsis
965 1183 1076 1248 multa

126 1283 283 1346 militaris
299 1281 402 1364 copia
414 1301 484 1345 non
498 1281 644 1344 deesset.
682 1279 807 1345 Comes
824 1300 962 1363 quoque
981 1281 1076 1346 Nor-

126 1400 329 1445 maunorum
358 1381 545 1459 Robertus,
576 1378 637 1461 qui
662 1377 733 1441 dux
767 1387 842 1443 erat
868 1389 904 1444 et
932 1380 1075 1461 signifer

126 1482 287 1556 acierum,
318 1499 381 1562 pro
405 1500 442 1542 re
467 1480 552 1541 bene
574 1484 674 1560 gesta
693 1497 786 1560 saepe
809 1478 986 1557 dicendus
999 1478 1076 1544 Ad-

127 1581 279 1643 miravisi
289 1579 515 1650 standardum
528 1597 549 1640 a
559 1577 662 1657 longe
673 1577 907 1655 considerans,
917 1572 1026 1661 ¹quod
1037 1579 1073 1642 in

125 1679 324 1742 summitate
340 1678 450 1741 hastae
467 1696 606 1759 pomum
627 1676 777 1739 habebat
794 1693 948 1754 aureum,
972 1678 1074 1743 hasta

124 1798 204 1842 vero
233 1785 382 1859 argento
414 1783 577 1858 cooperta
600 1776 785 1852 albicabat,
811 1778 924 1858 ipsum
952 1777 1074 1860 depre-

124 1877 278 1941 hendens
303 1877 352 1940 ibi
376 1895 464 1952 esse,
491 1885 527 1939 et
552 1875 716 1939 audacter
738 1895 800 1958 per
822 1875 953 1940 medias
981 1879 1075 1943 acies

124 1996 226 2058 super
246 1987 327 2039 eum
347 1977 495 2052 irrueuS,
515 1974 558 2039 ad
581 1981 726 2038 mortem
743 1977 897 2055 graviter
910 1977 1078 2040 vulnera·¹

125 2077 196 2154 vit3
220 2076 314 2158 quod
341 2075 471 2138 sactum
494 2094 565 2137 non
587 2073 792 2137 mediocrem
813 2074 999 2156 gentilibus
1018 2075 1072 2139 in·

77 2182 81 2189 ’
125 2176 234 2238 cussit
250 2176 421 2239 timorem.

123 2348 170 2412 De
182 2347 322 2433 planctu
339 2348 541 2412 Admirocisc'
562 2357 590 2412 at
616 2349 750 2412 uictoria
775 2348 1029 2414 ammonariam
1046 2359 1074 2414 at

455 2449 561 2534 aptabis
576 2448 751 2534 reportatis.

132 2627 135 2634 .
173 2566 439 2638 Admiravisus²
462 2581 578 2638 autem
599 2575 660 2637 vix
685 2573 873 2657 palpitans,
901 2572 1076 2637 lethaliter

126 2675 345 2750 vulneratus,
372 2675 442 2738 alte
467 2675 635 2754 ingemuit
665 2681 700 2736 et
732 2672 928 2757 hujusmodi
956 2673 1078 2754 planc-

126 2780 201 2838 tum
218 2773 348 2847 emisit,
370 2771 422 2835 ‘0
445 2772 598 2835 omnium
623 2771 781 2850 Creator,
803 2772 971 2855 quidhoc
997 2773 1075 2834 esti

127 2869 222 2950 Quid
248 2869 398 2934 accidit?
452 2869 554 2949 Quod
576 2869 685 2932 satum
703 2871 801 2935 nobis
826 2870 990 2934 infestum
1014 2889 1081 2933 no-

127 2972 223 3035 cuitl
263 2969 347 3033 Heu
367 2969 462 3046 mihi,
479 2988 584 3052 quam
600 2969 772 3032 ineffabile
791 2969 951 3047 dedecus,
971 2989 1076 3052 quam

127 3071 332 3133 diuturnum
359 3070 602 3151 improperium
630 3069 726 3149 genti
755 3077 882 3132 nostrae
909 3069 1075 3150 contigit!

127 3169 225 3235 Gens
246 3169 385 3243 misera,
404 3187 489 3248 gens
513 3167 661 3244 modica,
684 3187 769 3248 gens
796 3167 954 3232 mendica
981 3167 1078 3249 genti

125 3275 258 3332 nostrae
290 3267 485 3349 praevaluit.
538 3266 641 3330 Unde
671 3267 773 3330 hecel
826 3266 1077 3342 Conveutione,

126 3367 216 3450 proh
239 3365 358 3430 dolor!
381 3365 486 3443 faeta,
512 3366 642 3429 adduxi
668 3366 736 3430 huc
761 3366 908 3429 militum
929 3366 1079 3430 ducenta

125 3467 252 3542 millia,
278 3472 314 3528 et
338 3465 490 3546 peditum
517 3485 663 3548 quorum
690 3465 875 3529 multitudo
898 3483 1080 3528 numerum

126 3565 281 3642 excedit,
314 3583 402 3645 quos
433 3564 500 3628 toti
528 3565 658 3628 mundo
691 3565 933 3647 praevalituros
962 3564 1083 3628 crede-

126 3667 230 3743 bam3
250 3683 344 3726 nunc
358 3670 486 3740 autem,
501 3671 540 3727 ut
555 3683 626 3726 nou
640 3664 799 3739 mentiar,
812 3681 835 3726 a
847 3663 959 3728 minus
974 3683 1083 3746 quam

126 3765 224 3827 mille
252 3762 420 3826 militibus
446 3771 482 3826 et
503 3763 626 3844 paucis
655 3761 808 3844 peditum
831 3762 982 3826 millibus
1008 3770 1079 3826 tam

125 3864 330 3928 indecenter
351 3867 434 3925 sunt
456 3862 623 3943 superati.
684 3860 757 3925 Aut
776 3861 897 3950 procul
915 3861 1019 3924 dubio
1038 3861 1084 3922 il-

149 4079 444 4152 ¹Quodiasumotitote.]
456 4085 595 4134 ordericus
621 4089 686 4146 ⁷⁵53
710 4099 827 4146 compare
849 4085 892 4134 the
915 4086 968 4133 first
990 4100 1084 4146 anony-

126 4159 234 4218 vualis,
244 4157 303 4205 Act.
316 4156 440 4204 Norman.
451 4170 478 4216 p.
490 4160 548 4204 758.
621 4170 693 4204 mous
703 4155 790 4204 writer
800 4156 827 4202 iu
835 4154 878 4202 the
885 4154 966 4204 Gesta
976 4155 1028 4204 Dei
1038 4169 1084 4215 per

163 4225 388 4286 ’admiravisum
411 4225 465 4273 The
489 4229 598 4274 account
621 4225 741 4287 Francos,
758 4239 783 4285 p.
800 4227 843 4285 29,
858 4224 909 4272 and
928 4224 1043 4286 Baldrie‚
1057 4238 1086 4284 p.

128 4297 264 4358 following
283 4308 393 4357 appears
408 4298 435 4342 to
453 4294 518 4343 hare
534 4295 598 4343 been
625 4297 681 4344 1³8.
976 4292 981 4300 '

130 4368 212 4416 taken
229 4365 292 4414 from
311 4363 599 4425 ordericusvitarisffl.
