3144 5180
431 499 570 554 rnonns
594 499 859 548 ursronrnauu.
1053 481 1119 546 319

165 655 259 733 citis,
290 615 431 722 turbata
457 651 539 721 sunt
567 657 694 733 omnia,
713 653 783 722 sibi
805 655 959 738 imputet
974 657 1037 738 qui
1059 675 1117 720 oc·
1130 667 1213 758 {enm
1197 669 1254 706 ¹¹⁶⁶

166 756 342 819 cesionem
359 757 473 835 dedit;
496 756 579 838 quia
588 756 747 820 facientis
761 755 882 836 procul
895 753 1001 818 dubio
1012 754 1173 868 culpagnd
1130 768 1260 857 ornare.

168 861 222 917 est
234 862 271 918 et
282 875 353 919 non
364 856 566 932 recedentis,
581 855 820 938 persequentis
836 861 872 918 et
885 872 954 918 non
971 818 1173 936 injurias⁸nd

168 952 387 1019 declinantis.
421 953 532 1018 Nobis
550 954 684 1017 adhuc
675 973 711 1016 rn
728 952 825 1016 curia
835 953 1118 1036 exspectantibus

168 1051 200 1113 si
225 1053 326 1116 nobis
353 1051 482 1135 aliquid
510 1052 599 1116 sorte
626 1059 868 1135 opponeretur,
897 1052 1120 1117 interdictum

168 1156 224 1213 est
243 1149 446 1215 officialibus
470 1151 609 1228 nostris,
631 1171 674 1214 ne
694 1151 794 1214 nobis
814 1151 852 1213 in
871 1151 1119 1233 temporalibus

170 1249 225 1312 vel
255 1249 292 1312 in
324 1250 459 1314 modico
490 1249 679 1326 obedirent,
712 1249 767 1314 vel
800 1249 888 1313 citra
918 1250 1119 1312 mandatum

168 1347 275 1429 regie,
292 1348 350 1411 vel
368 1349 469 1412 nobis
482 1348 539 1412 vel
562 1349 689 1413 nostris
709 1347 839 1430 aliquid
861 1348 1118 1426 ministrarent3

168 1447 356 1529 proscripti
374 1454 454 1511 sunt
475 1447 590 1511 clerici
609 1447 719 1512 nostri
736 1465 814 1511 cum
833 1446 944 1523 laicis,
959 1447 1025 1510 viri
1042 1466 1120 1511 cum

171 1545 387 1624 mulieribus,
411 1545 571 1610 mulieres
596 1565 674 1610 oum
702 1546 857 1628 parvulis
888 1545 1119 1624 lactantibus3

170 1643 312 1709 addicta
329 1651 411 1708 sunt
429 1645 512 1710 fisco
531 1647 622 1709 bona
643 1645 796 1708 eeclesiae
819 1651 855 1708 et
876 1645 1120 1726 patrimonium

171 1741 354 1819 crucifixi,
369 1763 451 1826 pars
471 1744 631 1825 pecuniae
645 1762 813 1808 conversa
835 1743 941 1806 estin
960 1762 1043 1808 usus
1065 1763 1121 1806 re·

170 1841 261 1921 gios,
285 1859 368 1924 pars
392 1842 428 1906 iu
454 1860 539 1905 usus
557 1842 709 1925 episcopi
732 1840 992 1906 Londoniensis.
1046 1840 1120 1924 Ap·

167 1939 325 2020 pellatia,
350 1946 390 2003 ut
412 1941 538 2019 dicitis,
566 1941 626 2005 sed
651 1940 717 2004 hac
742 1940 975 2022 appellatione
1000 1947 1120 2005 aucto·

172 2039 315 2102 ritatem
337 2045 491 2103 nostram
515 2040 725 2122 suspendere
746 2058 816 2102 non
839 2039 998 2121 potestis,
1020 2059 1063 2103 ne
1085 2040 1121 2103 in

172 2156 236 2200 vos
253 2144 317 2200 aut
333 2138 496 2201 ecclesias
513 2147 647 2203 vestras
666 2137 994 2215 animadvertamus,
1016 2139 1047 2201 si
1063 2139 1122 2202 de-

172 2235 247 2299 licti
272 2236 460 2300 enormitas
483 2236 518 2301 id
547 2237 721 2320 requirat;
753 2238 880 2300 scimus
902 2237 1005 2313 enim,
1027 2238 1121 2319 quod

173 2334 288 2397 omnis
314 2334 495 2416 appellans
522 2343 584 2400 aut
608 2355 672 2399 suo
700 2336 836 2398 nomine
867 2334 1033 2418 appellat,
1060 2343 1122 2398 aut

172 2432 308 2510 alieno;
339 2434 370 2495 si
386 2452 462 2510 suo,
479 2441 540 2498 aut
554 2453 576 2496 a
590 2433 791 2515 gravamine
805 2433 898 2514 quod
913 2432 946 2497 ei
962 2432 1122 2509 infertur,

173 2531 230 2594 vel
247 2531 341 2613 quod
355 2532 421 2595 sibi
435 2533 532 2597 timet
552 2531 678 2596 inferri.
731 2531 874 2596 Certum
887 2540 1044 2595 tenemus
1061 2552 1124 2614 per

173 2631 325 2710 gratiam
343 2629 423 2706 Dei,
438 2631 530 2712 quod
544 2631 677 2694 nullum
692 2648 880 2712 gravamen
895 2630 1008 2693 adbuc
1023 2631 1124 2694 vobis

173 2747 236 2809 per
260 2747 325 2791 nos
346 2728 481 2790 illatum
506 2736 571 2805 est,
593 2729 696 2792 unde.
715 2729 869 2793 debeatis
899 2729 943 2791 ad
968 2728 1123 2810 appella-

171 2827 279 2889 tionis
309 2826 497 2889 remedium
532 2828 736 2905 convolare;
776 2827 806 2889 si
838 2834 959 2890 contra
992 2833 1123 2890 metum

174 2924 418 3006 gravaminum
432 2924 648 3007 appellastiS,
665 2923 804 3006 nequid
828 2925 870 2987 de
892 2931 1019 2988 caetero
1042 2944 1123 2988 con·

174 3029 232 3086 tra
258 3042 323 3086 vos
349 3029 501 3087 statuam
527 3022 583 3086 vel
611 3022 774 3086 eeclesias
798 3029 945 3098 vestras,
971 3043 1039 3086 non
1071 3029 1125 3086 est

173 3122 245 3184 ista
258 3121 341 3184 talis
363 3120 564 3203 appellatio,
583 3121 676 3203 quod
697 3121 808 3202 possit
824 3121 880 3184 vel
902 3121 1026 3184 debeat
1048 3123 1124 3184 su's·

173 3220 325 3302 pendere
340 3219 581 3283 auctoritatem
594 3238 706 3282 meam
717 3225 779 3283 aut
790 3225 1009 3300 potestatem,
1021 3223 1124 3300 quam

174 3320 213 3381 in
234 3337 299 3382 vos
327 3318 493 3382 babemus
513 3325 548 3381 et
569 3318 732 3381 ecclesias
753 3326 911 3395 vestras;
943 3316 973 3379 si
998 3315 1126 3380 domini

175 3419 269 3499 regis
287 3417 424 3480 nomine
440 3417 654 3499 appellastis,
670 3435 771 3480 nosse
787 3414 953 3478 debuerat
965 3414 1127 3478 discretio

177 3523 309 3591 vestra,
334 3516 428 3596 quod
459 3515 664 3590 introductae
695 3522 776 3578 sunt
802 3513 1054 3595 appellationes
1083 3515 1126 3576 ad

177 3605 449 3694 propulsandam
479 3607 640 3695 injuriam
668 3618 704 3675 et
733 3632 803 3676 non
828 3612 873 3675 ad
900 3612 1127 3689 inferendam,

177 3712 222 3775 ad
248 3710 484 3774 sublevandos
501 3729 685 3792 oppressos
707 3717 742 3774 et
759 3729 828 3774 non
844 3711 997 3792 amplius·
1010 3711 1127 3793 oppri-

178 3811 348 3889 mendos;
376 3810 406 3872 si
428 3829 510 3873 vero
538 3809 597 3890 qui
618 3809 789 3873 subvertit
814 3809 970 3872 ecclesiae
987 3808 1128 3872 liberta·

178 3916 244 3985 tes,
265 3908 327 3990 qui
345 3908 436 3970 bone
457 3906 533 3990 ejus
555 3913 702 3989 occupat
724 3913 760 3970 et
780 3907 926 3982 invadit,
948 3905 1129 3987 appellans

179 4027 249 4071 non
275 4006 428 4082 auditur,
452 4005 562 4068 multo
589 4005 703 4068 minus
731 4025 795 4086 pro
827 4025 869 4069 eo
901 4002 1128 4085 appellantes.

168 4105 264 4168 -Nen
286 4104 366 4168 ideo
391 4104 456 4167 hoc
475 4103 631 4180 dicimuS,
655 4103 746 4186 quod
772 4104 873 4167 circa
889 4101 1018 4165 domini
1040 4105 1131 4182 regis

178 4222 365 4285 personam
380 4202 435 4268 vel
451 4221 594 4283 regnum
611 4203 699 4285 ejus,
719 4202 776 4267 vel
799 4202 891 4266 circa
908 4219 1075 4282 personas
1097 4209 1133 4264 et
