3144 5180
405 542 545 590 suenus
569 541 834 591 ulssouisuuu.
1028 522 1094 588 275

145 696 292 761 devotus
317 697 485 776 donavit3
519 699 622 763 bomo
643 706 759 763 eutem
786 699 857 775 ille,
879 715 958 762 cum
986 697 1225 798 dens-fflu·

147 796 233 857 rium
253 799 456 879 accepisset,
482 798 766 875 ait,‘lletribuat
792 799 856 862 tibi
881 799 923 874 is,
946 807 1221 879 procu-⁸·W111rb·

19 897 20 968 l
143 894 201 976 jus
219 913 337 960 amore
350 896 415 961 boc
431 896 563 976 fecisti;
586 907 622 961 et
639 917 705 979 ego
722 899 785 962 tibi
803 899 839 960 in
856 897 993 962 nomine
1014 896 1090 978 ejus

145 993 324 1070 denuntio,
355 997 439 1078 quia
470 1015 516 1059 ex
540 995 604 1060 hoc
632 997 708 1061 loco
731 995 767 1060 in
791 996 887 1060 brevi
913 995 958 1060 ad
984 995 1090 1058 ulium

19 1103 20 1186 l
145 1092 357 1173 migraturus
386 1114 435 1173 es,
463 1103 499 1159 et
520 1094 600 1159 inde
628 1096 671 1158 ad
701 1096 807 1159 alium
836 1095 1008 1159 transiens
1036 1113 1090 1157 re-

145 1192 259 1272 quiem
284 1193 422 1256 tandem
454 1193 621 1270 invenies,
650 1194 698 1258 ibi
728 1213 838 1276 usque
865 1195 901 1256 in
930 1194 1031 1256 linem
1054 1193 1091 1255 in

146 1289 213 1352 Dei
238 1292 382 1370 sepvitio
409 1312 645 1375 perseverans,
674 1301 711 1356 et
739 1292 924 1358 novissime
952 1293 1019 1356 eris
1047 1291 1091 1354 ad

146 1396 344 1454 sanctorum
360 1391 542 1474 collegium
558 1385 778 1456 evocandus?
843 1417 846 1422 ·
864 1419 866 1422 ·

216 1561 267 1626 Do
282 1563 468 1629 comestore
478 1564 578 1629 sancti
599 1562 731 1648 Wlfrici
744 1563 893 1628 heremite
907 1570 935 1628 ct
947 1563 1017 1628 etta

530 1663 707 1748 asperitate.

198 1781 334 1849 Deinde
362 1792 443 1867 post
475 1787 656 1867 paululum
688 1789 724 1852 iu
758 1805 846 1870 opus
878 1788 1092 1852 sacerdotale

150 1879 338 1959 Willelmo,
355 1882 493 1949 domino
509 1886 601 1950 villae
618 1887 655 1948 in
676 1905 746 1969 qua
763 1894 866 1950 natus
887 1887 1012 1962 fuerat,
1030 1884 1091 1949 ad-

149 1978 284 2045 heerens
306 2001 429 2062 panem
453 1985 607 2065 quotidie
633 1985 670 2047 in
691 2001 811 2048 mensa
833 1985 909 2067 ejus
932 1984 1092 2060 comedit,

151 2079 209 2142 nbi
230 2087 268 2143 et
291 2080 328 2142 in
354 2082 555 2148 fortitudine
581 2085 691 2148 multu
713 2083 850 2148 lumbos
872 2101 954 2146 suos
977 2083 1090 2146 accin-

151 2196 235 2257 gens
250 2181 329 2242 usui
342 2181 480 2262 penitus
495 2185 650 2246 carnium
662 2181 848 2247 abdicavit.
890 2179 940 2245 At
955 2179 1010 2245 vir
1024 2181 1092 2244 Dei

151 2283 223 2341 toto
243 2278 319 2361 jam
345 2280 514 2345 desiderio
540 2282 760 2346 solitudinem
786 2281 965 2362 suspirans
986 2298 1009 2342 a
1030 2279 1091 2344 do·

151 2375 244 2440 mino
269 2396 346 2454 sno,
371 2379 479 2444 milite
509 2381 723 2462 supradicto,
743 2380 788 2444 ad
815 2379 919 2445 alium
941 2378 1091 2442 directus

150 2483 202 2538 est
219 2476 351 2552 villam,
366 2479 504 2542 nomine
518 2478 784 2560 Haselbergam,
799 2497 878 2560 quae
893 2476 937 2541 ab
953 2477 1092 2543 Exooia

151 2593 271 2638 versus
303 2577 470 2640 orientem
492 2579 637 2658 triginta
658 2578 863 2641 milliaribus
886 2576 1016 2640 distare
1037 2578 1090 2641 vi-

150 2672 263 2751 detur,
284 2674 416 2756 Spiritu
438 2675 579 2754 Sancto,
596 2684 635 2740 ut
657 2676 819 2749 creditur,
843 2674 908 2739 hoc
925 2675 1090 2752 dictante,

150 2772 220 2849 ubi,
243 2773 281 2836 in
297 2773 423 2838 cellula
443 2776 597 2839 ecclesiae
613 2776 779 2856 contigua
796 2774 936 2839 Christo
954 2792 992 2837 se
1011 2793 1092 2837 con-

150 2871 333 2952 sepeliens,
349 2872 457 2936 multo
473 2873 591 2939 labore
609 2875 785 2955 multaque
802 2871 917 2937 carnis
934 2891 976 2936 ac
990 2871 1091 2956 spiri·

151 2975 205 3032 tus
228 2970 414 3036 afflictione
441 2971 571 3036 Christi
592 2973 659 3036 sibi
683 2974 832 3054 gratiam
856 2971 1091 3053 comparavit;

152 3087 230 3131 nam
250 3076 349 3134 tanto
363 3070 497 3154 jejunio
519 3080 555 3136 et
576 3071 802 3148 abstinentia,
820 3076 987 3151 tantaque
1003 3067 1091 3150 vigi·

150 3166 274 3230 liarum
288 3168 468 3247 instantia,
485 3171 639 3234 membra
659 3187 725 3233 sua
743 3169 973 3234 mortificabat
989 3186 1093 3248 super

152 3271 292 3342 terram,
306 3274 347 3330 ut
368 3269 520 3349 pellisin
541 3269 639 3333 brevi
657 3269 793 3332 ossibus
815 3266 1005 3341 adhaerens,
1022 3284 1092 3329 non

147 3363 222 3446 jam
242 3366 416 3439 carnalem
432 3366 556 3444 virum,
576 3368 636 3431 sed
658 3367 873 3450 spiritualem
887 3365 924 3428 in
943 3364 1092 3428 humano

149 3481 305 3544 corpore,
323 3464 538 3529 intuentibus
554 3466 745 3530 exhiberet.
784 3465 926 3530 Vestitu
946 3461 1091 3545 simplici

149 3562 262 3625 cilicio
279 3563 373 3628 intus
395 3564 586 3631 inhaerente
605 3570 789 3630 contentus
804 3569 892 3640 erat,
906 3561 998 3643 quod
1015 3581 1093 3625 cum

151 3677 197 3724 ex
219 3662 467 3727 consuetudine
492 3663 583 3726 iufra
608 3663 682 3726 dies
707 3681 838 3744 paucos
859 3660 1094 3737 induraverat,

151 3777 252 3822 usum
268 3760 387 3824 loricee
398 3761 521 3844 incipit
536 3761 715 3840 affectare;
731 3761 824 3841 quod
835 3760 996 3825 dominus
1006 3759 1094 3843 ejus,

152 3858 251 3921 miles
271 3859 450 3939 praefatus,
471 3879 549 3923 oum
573 3859 805 3942 cognovisset,
826 3859 969 3922 loricam
991 3876 1094 3920 unam

152 3956 301 4021 contulit
315 3957 391 4021 viro
408 3957 488 4035 Dei,
504 3967 540 4022 et
555 3977 618 4022 vas
634 3958 796 4022 bellicum
816 3957 947 4020 caelesti
963 3953 1095 4018 milities

153 4057 381 4120 consecravit.
422 4055 595 4121 Noctibus
617 4058 653 4120 in
670 4075 733 4120 vas
747 4053 921 4137 quoddam
943 4071 1021 4116 cum
1037 4052 1095 4116 sri-

154 4173 238 4234 gorc
254 4161 290 4217 et
304 4155 463 4218 nuditate
483 4174 574 4238 aqua
590 4155 729 4236 plenum
746 4152 872 4234 frigida
890 4151 1097 4215 descendere

154 4251 299 4329 solebat,
319 4253 444 4335 inquo
464 4239 617 4335 psalmos
637 4243 827 4345 Dauidicos
845 4249 996 4314 Domino
1017 4249 1099 4313 offe-

954 4372 996 4417 rs
