<?xml version="1.0" encoding="UTF-8"?>
<!DOCTYPE html PUBLIC "-//W3C//DTD XHTML 1.0 Transitional//EN"
    "http://www.w3.org/TR/xhtml1/DTD/xhtml1-transitional.dtd">
<html xmlns="http://www.w3.org/1999/xhtml" xml:lang="en" lang="en">
 <head>
  <title>
</title>
<meta http-equiv="Content-Type" content="text/html;charset=utf-8" />
  <meta name='ocr-system' content='tesseract 3.04.00' />
  <meta name='ocr-capabilities' content='ocr_page ocr_carea ocr_par ocr_line ocrx_word'/>
</head>
<body>
  <div class='ocr_page' id='page_1' title='image "./rogeridewendove07rogegoog_0365.png"; bbox 0 0 3178 5194; ppageno 0'>
   <div class='ocr_carea' id='block_1_1' title="bbox 474 529 1164 595">
    <p class='ocr_par' dir='ltr' id='par_1_1' title="bbox 474 529 1164 595">
     <span class='ocr_line' id='line_1_1' title="bbox 474 529 1164 595; baseline -0.01 0"><span class='ocrx_word' id='word_1_1' title='bbox 474 529 541 595; x_wconf 81' lang='lat'><strong>358</strong></span> <span class='ocrx_word' id='word_1_2' title='bbox 728 544 862 592; x_wconf 81' lang='lat' dir='ltr'><strong>nocam</strong></span> <span class='ocrx_word' id='word_1_3' title='bbox 887 544 934 592; x_wconf 83' lang='lat' dir='ltr'><strong>nu</strong></span> <span class='ocrx_word' id='word_1_4' title='bbox 956 539 1164 592; x_wconf 80' lang='lat' dir='ltr'><strong>wuunovun</strong></span> 
     </span>
    </p>
   </div>
   <div class='ocr_carea' id='block_1_2' title="bbox 319 697 1432 1082">
    <p class='ocr_par' dir='ltr' id='par_1_2' title="bbox 319 697 1432 1082">
     <span class='ocr_line' id='line_1_2' title="bbox 319 697 1430 784; baseline -0.004 -17"><span class='ocrx_word' id='word_1_5' title='bbox 319 723 441 767; x_wconf 59' lang='lat' dir='ltr'><strong>anum.</strong></span> <span class='ocrx_word' id='word_1_6' title='bbox 478 720 539 766; x_wconf 89' lang='lat' dir='ltr'><strong>nes</strong></span> <span class='ocrx_word' id='word_1_7' title='bbox 563 700 765 784; x_wconf 89' lang='lat' dir='ltr'><strong>juramento</strong></span> <span class='ocrx_word' id='word_1_8' title='bbox 792 698 959 776; x_wconf 85' lang='lat' dir='ltr'><strong>firmatas,</strong></span> <span class='ocrx_word' id='word_1_9' title='bbox 984 718 1054 763; x_wconf 91' lang='lat' dir='ltr'><strong>non</strong></span> <span class='ocrx_word' id='word_1_10' title='bbox 1083 697 1260 780; x_wconf 80' lang='lat' dir='ltr'><strong>adjecistis</strong></span> <span class='ocrx_word' id='word_1_11' title='bbox 1294 717 1430 763; x_wconf 89' lang='lat' dir='ltr'><strong>sumere</strong></span> 
     </span>
     <span class='ocr_line' id='line_1_3' title="bbox 478 796 1431 879; baseline -0.002 -15"><span class='ocrx_word' id='word_1_12' title='bbox 478 807 616 865; x_wconf 91' lang='lat' dir='ltr'><strong>scutum</strong></span> <span class='ocrx_word' id='word_1_13' title='bbox 633 797 725 876; x_wconf 90' lang='lat' dir='ltr'><strong>fidei,</strong></span> <span class='ocrx_word' id='word_1_14' title='bbox 744 804 784 861; x_wconf 93' lang='lat' dir='ltr'><strong>ut</strong></span> <span class='ocrx_word' id='word_1_15' title='bbox 800 797 939 861; x_wconf 86' lang='lat' dir='ltr'><strong>staretis</strong></span> <span class='ocrx_word' id='word_1_16' title='bbox 957 817 1022 879; x_wconf 93' lang='lat' dir='ltr'><strong>pro</strong></span> <span class='ocrx_word' id='word_1_17' title='bbox 1037 796 1139 860; x_wconf 90' lang='lat' dir='ltr'><strong>domo</strong></span> <span class='ocrx_word' id='word_1_18' title='bbox 1159 798 1303 861; x_wconf 89' lang='lat' dir='ltr'><strong>Domini</strong></span> <span class='ocrx_word' id='word_1_19' title='bbox 1317 798 1354 861; x_wconf 91' lang='lat' dir='ltr'><strong>in</strong></span> <span class='ocrx_word' id='word_1_20' title='bbox 1374 798 1431 862; x_wconf 90' lang='lat' dir='ltr'><strong>die</strong></span> 
     </span>
     <span class='ocr_line' id='line_1_4' title="bbox 479 896 1431 982; baseline -0.002 -20"><span class='ocrx_word' id='word_1_21' title='bbox 479 899 603 982; x_wconf 84' lang='lat' dir='ltr'><strong>praelii.</strong></span> <span class='ocrx_word' id='word_1_22' title='bbox 643 896 713 975; x_wconf 90' lang='lat' dir='ltr'><strong>Ne,</strong></span> <span class='ocrx_word' id='word_1_23' title='bbox 730 897 760 962; x_wconf 90' lang='lat' dir='ltr'><strong>si</strong></span> <span class='ocrx_word' id='word_1_24' title='bbox 780 897 910 960; x_wconf 91' lang='lat' dir='ltr'><strong>diutius</strong></span> <span class='ocrx_word' id='word_1_25' title='bbox 927 896 1147 972; x_wconf 87' lang='lat' dir='ltr'><strong>tacuerimus,</strong></span> <span class='ocrx_word' id='word_1_26' title='bbox 1163 915 1234 960; x_wconf 89' lang='lat' dir='ltr'><strong>una</strong></span> <span class='ocrx_word' id='word_1_27' title='bbox 1251 897 1431 961; x_wconf 89' lang='lat' dir='ltr'><strong>vobiscum</strong></span> 
     </span>
     <span class='ocr_line' id='line_1_5' title="bbox 480 994 1432 1082; baseline -0.004 -20"><span class='ocrx_word' id='word_1_28' title='bbox 480 999 518 1062; x_wconf 92' lang='lat' dir='ltr'><strong>in</strong></span> <span class='ocrx_word' id='word_1_29' title='bbox 536 997 593 1061; x_wconf 92' lang='lat' dir='ltr'><strong>dia</strong></span> <span class='ocrx_word' id='word_1_30' title='bbox 607 996 730 1082; x_wconf 90' lang='lat' dir='ltr'><strong>judicii</strong></span> <span class='ocrx_word' id='word_1_31' title='bbox 751 994 982 1060; x_wconf 80' lang='lat' dir='ltr'><strong>damnationis</strong></span> <span class='ocrx_word' id='word_1_32' title='bbox 1004 995 1179 1058; x_wconf 87' lang='lat' dir='ltr'><strong>sententia</strong></span> <span class='ocrx_word' id='word_1_33' title='bbox 1199 995 1432 1074; x_wconf 80' lang='lat' dir='ltr'><strong>involvamur,</strong></span> 
     </span>
    </p>
   </div>
   <div class='ocr_carea' id='block_1_3' title="bbox 411 1092 1493 4339">
    <p class='ocr_par' dir='ltr' id='par_1_3' title="bbox 411 1092 1493 4339">
     <span class='ocr_line' id='line_1_6' title="bbox 482 1092 1432 1171; baseline -0.002 -10"><span class='ocrx_word' id='word_1_34' title='bbox 482 1095 690 1162; x_wconf 88' lang='lat' dir='ltr'><strong>auctoritate</strong></span> <span class='ocrx_word' id='word_1_35' title='bbox 717 1101 947 1160; x_wconf 76' lang='lat' dir='ltr'><strong>sacrosanctae</strong></span> <span class='ocrx_word' id='word_1_36' title='bbox 977 1092 1147 1158; x_wconf 86' lang='lat' dir='ltr'><strong>Romanae</strong></span> <span class='ocrx_word' id='word_1_37' title='bbox 1178 1093 1345 1171; x_wconf 74' lang='lat' dir='ltr'><strong>ecclesiae,</strong></span> <span class='ocrx_word' id='word_1_38' title='bbox 1373 1096 1432 1159; x_wconf 91' lang='lat' dir='ltr'><strong>cui</strong></span> 
     </span>
     <span class='ocr_line' id='line_1_7' title="bbox 483 1191 1432 1269; baseline -0.001 -10"><span class='ocrx_word' id='word_1_39' title='bbox 483 1202 626 1260; x_wconf 87' lang='lat' dir='ltr'><strong>auctore</strong></span> <span class='ocrx_word' id='word_1_40' title='bbox 654 1194 731 1259; x_wconf 91' lang='lat' dir='ltr'><strong>Deo</strong></span> <span class='ocrx_word' id='word_1_41' title='bbox 759 1193 1006 1269; x_wconf 86' lang='lat' dir='ltr'><strong>ministramus,</strong></span> <span class='ocrx_word' id='word_1_42' title='bbox 1032 1193 1077 1256; x_wconf 93' lang='lat' dir='ltr'><strong>ab</strong></span> <span class='ocrx_word' id='word_1_43' title='bbox 1104 1192 1197 1256; x_wconf 91' lang='lat' dir='ltr'><strong>omni</strong></span> <span class='ocrx_word' id='word_1_44' title='bbox 1224 1211 1287 1257; x_wconf 92' lang='lat' dir='ltr'><strong>vos</strong></span> <span class='ocrx_word' id='word_1_45' title='bbox 1318 1191 1432 1259; x_wconf 91' lang='lat' dir='ltr'><strong>officio</strong></span> 
     </span>
     <span class='ocr_line' id='line_1_8' title="bbox 482 1289 1434 1378; baseline -0.003 -19"><span class='ocrx_word' id='word_1_46' title='bbox 482 1294 690 1378; x_wconf 87' lang='lat' dir='ltr'><strong>episcopalis</strong></span> <span class='ocrx_word' id='word_1_47' title='bbox 716 1291 956 1376; x_wconf 83' lang='lat' dir='ltr'><strong>suspendimus</strong></span> <span class='ocrx_word' id='word_1_48' title='bbox 983 1289 1184 1373; x_wconf 66' lang='lat' dir='ltr'><strong>dignitatis?</strong></span> <span class='ocrx_word' id='word_1_49' title='bbox 1229 1291 1320 1356; x_wconf 87' lang='lat' dir='ltr'><strong>Item</strong></span> <span class='ocrx_word' id='word_1_50' title='bbox 1347 1312 1434 1356; x_wconf 89' lang='lat' dir='ltr'><strong>sane</strong></span> 
     </span>
     <span class='ocr_line' id='line_1_9' title="bbox 482 1390 1435 1474; baseline -0.003 -16"><span class='ocrx_word' id='word_1_51' title='bbox 482 1393 649 1470; x_wconf 83' lang='lat' dir='ltr'><strong>Thomas,</strong></span> <span class='ocrx_word' id='word_1_52' title='bbox 666 1390 927 1457; x_wconf 83' lang='lat' dir='ltr'><strong>cantuariensis</strong></span> <span class='ocrx_word' id='word_1_53' title='bbox 950 1390 1241 1473; x_wconf 82' lang='lat' dir='ltr'><strong>archiepiscopus,</strong></span> <span class='ocrx_word' id='word_1_54' title='bbox 1262 1391 1435 1474; x_wconf 83' lang='lat' dir='ltr'><strong>paralius</strong></span> 
     </span>
     <span class='ocr_line' id='line_1_10' title="bbox 411 1488 1433 1574; baseline -0.001 -18"><span class='ocrx_word' id='word_1_55' title='bbox 411 1517 435 1548; x_wconf 80' lang='lat' dir='ltr'><strong>er</strong></span> <span class='ocrx_word' id='word_1_56' title='bbox 482 1492 612 1556; x_wconf 91' lang='lat' dir='ltr'><strong>domini</strong></span> <span class='ocrx_word' id='word_1_57' title='bbox 644 1511 745 1574; x_wconf 85' lang='lat' dir='ltr'><strong>papae</strong></span> <span class='ocrx_word' id='word_1_58' title='bbox 781 1491 901 1555; x_wconf 85' lang='lat' dir='ltr'><strong>literas</strong></span> <span class='ocrx_word' id='word_1_59' title='bbox 931 1488 1111 1572; x_wconf 87' lang='lat' dir='ltr'><strong>episcopos</strong></span> <span class='ocrx_word' id='word_1_60' title='bbox 1144 1489 1433 1568; x_wconf 90' lang='lat' dir='ltr'><strong>Lundoniensem‚</strong></span> 
     </span>
     <span class='ocr_line' id='line_1_11' title="bbox 484 1585 1432 1668; baseline -0.001 -14"><span class='ocrx_word' id='word_1_61' title='bbox 484 1590 783 1668; x_wconf 89' lang='lat' dir='ltr'><strong>Sarisberiensem,</strong></span> <span class='ocrx_word' id='word_1_62' title='bbox 817 1588 1063 1665; x_wconf 84' lang='lat' dir='ltr'><strong>Exoniensem,</strong></span> <span class='ocrx_word' id='word_1_63' title='bbox 1085 1585 1316 1665; x_wconf 76' lang='lat' dir='ltr'><strong>cestrensem,</strong></span> <span class='ocrx_word' id='word_1_64' title='bbox 1344 1588 1432 1653; x_wconf 88' lang='lat' dir='ltr'><strong>Rof-</strong></span> 
     </span>
     <span class='ocr_line' id='line_1_12' title="bbox 483 1686 1431 1769; baseline -0.002 -16"><span class='ocrx_word' id='word_1_65' title='bbox 483 1689 627 1764; x_wconf 81' lang='lat' dir='ltr'><strong>lensem,</strong></span> <span class='ocrx_word' id='word_1_66' title='bbox 648 1688 691 1752; x_wconf 92' lang='lat' dir='ltr'><strong>de</strong></span> <span class='ocrx_word' id='word_1_67' title='bbox 708 1695 830 1752; x_wconf 90' lang='lat' dir='ltr'><strong>sancto</strong></span> <span class='ocrx_word' id='word_1_68' title='bbox 850 1686 984 1769; x_wconf 86' lang='lat' dir='ltr'><strong>Asaph,</strong></span> <span class='ocrx_word' id='word_1_69' title='bbox 1002 1693 1039 1751; x_wconf 91' lang='lat' dir='ltr'><strong>et</strong></span> <span class='ocrx_word' id='word_1_70' title='bbox 1064 1686 1336 1764; x_wconf 73' lang='lat' dir='ltr'><strong>landavensem,</strong></span> <span class='ocrx_word' id='word_1_71' title='bbox 1351 1707 1431 1752; x_wconf 92' lang='lat' dir='ltr'><strong>cum</strong></span> 
     </span>
     <span class='ocr_line' id='line_1_13' title="bbox 483 1786 1433 1870; baseline -0.002 -18"><span class='ocrx_word' id='word_1_72' title='bbox 483 1788 575 1866; x_wconf 88' lang='lat' dir='ltr'><strong>aliis,</strong></span> <span class='ocrx_word' id='word_1_73' title='bbox 597 1788 658 1869; x_wconf 92' lang='lat' dir='ltr'><strong>qui</strong></span> <span class='ocrx_word' id='word_1_74' title='bbox 680 1786 835 1870; x_wconf 83' lang='lat' dir='ltr'><strong>praefatae</strong></span> <span class='ocrx_word' id='word_1_75' title='bbox 857 1786 1074 1851; x_wconf 88' lang='lat' dir='ltr'><strong>coronationi</strong></span> <span class='ocrx_word' id='word_1_76' title='bbox 1093 1786 1320 1851; x_wconf 89' lang='lat' dir='ltr'><strong>ministerium</strong></span> <span class='ocrx_word' id='word_1_77' title='bbox 1345 1805 1433 1869; x_wconf 88' lang='lat' dir='ltr'><strong>prae-</strong></span> 
     </span>
     <span class='ocr_line' id='line_1_14' title="bbox 483 1884 1433 1968; baseline -0.002 -17"><span class='ocrx_word' id='word_1_78' title='bbox 483 1889 646 1963; x_wconf 89' lang='lat' dir='ltr'><strong>buerunt,</strong></span> <span class='ocrx_word' id='word_1_79' title='bbox 676 1886 720 1950; x_wconf 90' lang='lat' dir='ltr'><strong>ab</strong></span> <span class='ocrx_word' id='word_1_80' title='bbox 748 1886 842 1950; x_wconf 90' lang='lat' dir='ltr'><strong>omni</strong></span> <span class='ocrx_word' id='word_1_81' title='bbox 866 1884 1055 1967; x_wconf 87' lang='lat' dir='ltr'><strong>episcopali</strong></span> <span class='ocrx_word' id='word_1_82' title='bbox 1084 1885 1254 1966; x_wconf 82' lang='lat' dir='ltr'><strong>dignitate</strong></span> <span class='ocrx_word' id='word_1_83' title='bbox 1277 1905 1340 1968; x_wconf 89' lang='lat' dir='ltr'><strong>per</strong></span> <span class='ocrx_word' id='word_1_84' title='bbox 1367 1885 1433 1950; x_wconf 89' lang='lat' dir='ltr'><strong>has</strong></span> 
     </span>
     <span class='ocr_line' id='line_1_15' title="bbox 484 1982 1435 2068; baseline 0 -19"><span class='ocrx_word' id='word_1_85' title='bbox 484 1985 604 2050; x_wconf 84' lang='lat' dir='ltr'><strong>literas</strong></span> <span class='ocrx_word' id='word_1_86' title='bbox 626 1985 839 2068; x_wconf 88' lang='lat' dir='ltr'><strong>subscriptas</strong></span> <span class='ocrx_word' id='word_1_87' title='bbox 856 1983 1059 2066; x_wconf 87' lang='lat' dir='ltr'><strong>suspendit;</strong></span> <span class='ocrx_word' id='word_1_88' title='bbox 1078 1982 1192 2062; x_wconf 82' lang='lat' dir='ltr'><strong>‘Quae</strong></span> <span class='ocrx_word' id='word_1_89' title='bbox 1208 2001 1316 2048; x_wconf 89' lang='lat' dir='ltr'><strong>causa</strong></span> <span class='ocrx_word' id='word_1_90' title='bbox 1331 2004 1435 2049; x_wconf 90' lang='lat' dir='ltr'><strong>vene-</strong></span> 
     </span>
     <span class='ocr_line' id='line_1_16' title="bbox 484 2080 1436 2159; baseline -0.001 -10"><span class='ocrx_word' id='word_1_91' title='bbox 484 2086 628 2150; x_wconf 91' lang='lat' dir='ltr'><strong>rabilem</strong></span> <span class='ocrx_word' id='word_1_92' title='bbox 653 2084 795 2148; x_wconf 83' lang='lat' dir='ltr'><strong>fratrem</strong></span> <span class='ocrx_word' id='word_1_93' title='bbox 818 2095 974 2148; x_wconf 89' lang='lat' dir='ltr'><strong>nostrum</strong></span> <span class='ocrx_word' id='word_1_94' title='bbox 999 2080 1181 2159; x_wconf 90' lang='lat' dir='ltr'><strong>Thomam,</strong></span> <span class='ocrx_word' id='word_1_95' title='bbox 1206 2082 1436 2148; x_wconf 84' lang='lat' dir='ltr'><strong>Cantuarien-</strong></span> 
     </span>
     <span class='ocr_line' id='line_1_17' title="bbox 485 2180 1435 2266; baseline -0.002 -18"><span class='ocrx_word' id='word_1_96' title='bbox 485 2204 558 2248; x_wconf 90' lang='lat' dir='ltr'><strong>sem</strong></span> <span class='ocrx_word' id='word_1_97' title='bbox 576 2184 871 2266; x_wconf 91' lang='lat' dir='ltr'><strong>archiepiscopum</strong></span> <span class='ocrx_word' id='word_1_98' title='bbox 886 2189 924 2245; x_wconf 89' lang='lat' dir='ltr'><strong>et</strong></span> <span class='ocrx_word' id='word_1_99' title='bbox 941 2180 1032 2244; x_wconf 87' lang='lat' dir='ltr'><strong>sedis</strong></span> <span class='ocrx_word' id='word_1_100' title='bbox 1051 2181 1253 2264; x_wconf 83' lang='lat' dir='ltr'><strong>apostolicae</strong></span> <span class='ocrx_word' id='word_1_101' title='bbox 1267 2181 1435 2264; x_wconf 80' lang='lat' dir='ltr'><strong>legatum,</strong></span> 
     </span>
     <span class='ocr_line' id='line_1_18' title="bbox 485 2279 1435 2364; baseline -0.001 -18"><span class='ocrx_word' id='word_1_102' title='bbox 485 2302 508 2346; x_wconf 90' lang='lat' dir='ltr'><strong>a</strong></span> <span class='ocrx_word' id='word_1_103' title='bbox 524 2302 589 2349; x_wconf 91' lang='lat' dir='ltr'><strong>sua</strong></span> <span class='ocrx_word' id='word_1_104' title='bbox 604 2283 685 2347; x_wconf 89' lang='lat' dir='ltr'><strong>sede</strong></span> <span class='ocrx_word' id='word_1_105' title='bbox 699 2281 859 2346; x_wconf 83' lang='lat' dir='ltr'><strong>exsulare</strong></span> <span class='ocrx_word' id='word_1_106' title='bbox 876 2279 1092 2362; x_wconf 90' lang='lat' dir='ltr'><strong>compulerit,</strong></span> <span class='ocrx_word' id='word_1_107' title='bbox 1107 2300 1176 2344; x_wconf 93' lang='lat' dir='ltr'><strong>non</strong></span> <span class='ocrx_word' id='word_1_108' title='bbox 1193 2287 1331 2362; x_wconf 87' lang='lat' dir='ltr'><strong>oportet</strong></span> <span class='ocrx_word' id='word_1_109' title='bbox 1345 2301 1435 2364; x_wconf 69' lang='lat' dir='ltr'><strong>prae-</strong></span> 
     </span>
     <span class='ocr_line' id='line_1_19' title="bbox 486 2379 1436 2462; baseline -0.002 -16"><span class='ocrx_word' id='word_1_110' title='bbox 486 2382 642 2448; x_wconf 89' lang='lat' dir='ltr'><strong>sentibus</strong></span> <span class='ocrx_word' id='word_1_111' title='bbox 663 2387 842 2458; x_wconf 88' lang='lat' dir='ltr'><strong>annotare,</strong></span> <span class='ocrx_word' id='word_1_112' title='bbox 872 2379 1036 2462; x_wconf 87' lang='lat' dir='ltr'><strong>quoniam</strong></span> <span class='ocrx_word' id='word_1_113' title='bbox 1064 2386 1099 2443; x_wconf 93' lang='lat' dir='ltr'><strong>et</strong></span> <span class='ocrx_word' id='word_1_114' title='bbox 1122 2398 1184 2444; x_wconf 88' lang='lat' dir='ltr'><strong>vos</strong></span> <span class='ocrx_word' id='word_1_115' title='bbox 1206 2381 1436 2462; x_wconf 73' lang='lat' dir='ltr'><strong>praesentiali·</strong></span> 
     </span>
     <span class='ocr_line' id='line_1_20' title="bbox 486 2477 1436 2562; baseline -0.003 -17"><span class='ocrx_word' id='word_1_116' title='bbox 486 2488 541 2545; x_wconf 89' lang='lat' dir='ltr'><strong>ter</strong></span> <span class='ocrx_word' id='word_1_117' title='bbox 560 2480 759 2562; x_wconf 84' lang='lat' dir='ltr'><strong>aspexistis,</strong></span> <span class='ocrx_word' id='word_1_118' title='bbox 776 2487 812 2544; x_wconf 90' lang='lat' dir='ltr'><strong>et</strong></span> <span class='ocrx_word' id='word_1_119' title='bbox 834 2479 869 2542; x_wconf 94' lang='lat' dir='ltr'><strong>id</strong></span> <span class='ocrx_word' id='word_1_120' title='bbox 888 2498 949 2560; x_wconf 90' lang='lat' dir='ltr'><strong>per</strong></span> <span class='ocrx_word' id='word_1_121' title='bbox 967 2485 1079 2542; x_wconf 88' lang='lat' dir='ltr'><strong>totam</strong></span> <span class='ocrx_word' id='word_1_122' title='bbox 1100 2477 1173 2541; x_wconf 81' lang='lat' dir='ltr'><strong>fere</strong></span> <span class='ocrx_word' id='word_1_123' title='bbox 1189 2479 1436 2544; x_wconf 89' lang='lat' dir='ltr'><strong>occidentalem</strong></span> 
     </span>
     <span class='ocr_line' id='line_1_21' title="bbox 484 2576 1436 2659; baseline 0.001 -17"><span class='ocrx_word' id='word_1_124' title='bbox 484 2578 666 2642; x_wconf 84' lang='lat' dir='ltr'><strong>ecclesiam</strong></span> <span class='ocrx_word' id='word_1_125' title='bbox 688 2578 782 2642; x_wconf 87' lang='lat' dir='ltr'><strong>sama</strong></span> <span class='ocrx_word' id='word_1_126' title='bbox 801 2577 945 2642; x_wconf 89' lang='lat' dir='ltr'><strong>celebris</strong></span> <span class='ocrx_word' id='word_1_127' title='bbox 964 2576 1169 2659; x_wconf 79' lang='lat' dir='ltr'><strong>divulgavit.</strong></span> <span class='ocrx_word' id='word_1_128' title='bbox 1208 2577 1297 2641; x_wconf 85' lang='lat' dir='ltr'><strong>Cum</strong></span> <span class='ocrx_word' id='word_1_129' title='bbox 1318 2584 1436 2642; x_wconf 89' lang='lat' dir='ltr'><strong>autem</strong></span> 
     </span>
     <span class='ocr_line' id='line_1_22' title="bbox 485 2674 1436 2760; baseline 0.002 -20"><span class='ocrx_word' id='word_1_130' title='bbox 485 2678 552 2760; x_wconf 84' lang='lat' dir='ltr'><strong>piae</strong></span> <span class='ocrx_word' id='word_1_131' title='bbox 567 2677 739 2741; x_wconf 85' lang='lat' dir='ltr'><strong>memoriae</strong></span> <span class='ocrx_word' id='word_1_132' title='bbox 752 2675 1009 2752; x_wconf 87' lang='lat' dir='ltr'><strong>Theodbaldus,</strong></span> <span class='ocrx_word' id='word_1_133' title='bbox 1027 2674 1288 2741; x_wconf 83' lang='lat' dir='ltr'><strong>Cantuariensis</strong></span> <span class='ocrx_word' id='word_1_134' title='bbox 1302 2677 1436 2742; x_wconf 87' lang='lat' dir='ltr'><strong>archie-</strong></span> 
     </span>
     <span class='ocr_line' id='line_1_23' title="bbox 485 2773 1436 2859; baseline 0 -19"><span class='ocrx_word' id='word_1_135' title='bbox 485 2776 658 2858; x_wconf 87' lang='lat' dir='ltr'><strong>piscopus,</strong></span> <span class='ocrx_word' id='word_1_136' title='bbox 687 2775 919 2858; x_wconf 84' lang='lat' dir='ltr'><strong>praedecessor</strong></span> <span class='ocrx_word' id='word_1_137' title='bbox 945 2774 1049 2859; x_wconf 88' lang='lat' dir='ltr'><strong>hujus</strong></span> <span class='ocrx_word' id='word_1_138' title='bbox 1076 2773 1337 2858; x_wconf 89' lang='lat' dir='ltr'><strong>archiepiscopi,</strong></span> <span class='ocrx_word' id='word_1_139' title='bbox 1359 2775 1436 2840; x_wconf 86' lang='lat' dir='ltr'><strong>An-</strong></span> 
     </span>
     <span class='ocr_line' id='line_1_24' title="bbox 485 2874 1436 2957; baseline 0.005 -21"><span class='ocrx_word' id='word_1_140' title='bbox 485 2874 621 2956; x_wconf 82' lang='lat' dir='ltr'><strong>glomm</strong></span> <span class='ocrx_word' id='word_1_141' title='bbox 634 2874 709 2954; x_wconf 82' lang='lat' dir='ltr'><strong>regi</strong></span> <span class='ocrx_word' id='word_1_142' title='bbox 723 2892 886 2938; x_wconf 89' lang='lat' dir='ltr'><strong>coronam</strong></span> <span class='ocrx_word' id='word_1_143' title='bbox 902 2874 1116 2956; x_wconf 90' lang='lat' dir='ltr'><strong>imposuerit,</strong></span> <span class='ocrx_word' id='word_1_144' title='bbox 1130 2891 1172 2938; x_wconf 90' lang='lat' dir='ltr'><strong>ac</strong></span> <span class='ocrx_word' id='word_1_145' title='bbox 1187 2895 1250 2957; x_wconf 90' lang='lat' dir='ltr'><strong>per</strong></span> <span class='ocrx_word' id='word_1_146' title='bbox 1263 2874 1329 2939; x_wconf 93' lang='lat' dir='ltr'><strong>hoc</strong></span> <span class='ocrx_word' id='word_1_147' title='bbox 1344 2875 1436 2940; x_wconf 85' lang='lat' dir='ltr'><strong>Can-</strong></span> 
     </span>
     <span class='ocr_line' id='line_1_25' title="bbox 486 2972 1438 3058; baseline 0.003 -22"><span class='ocrx_word' id='word_1_148' title='bbox 486 2972 670 3036; x_wconf 88' lang='lat' dir='ltr'><strong>tuariensis</strong></span> <span class='ocrx_word' id='word_1_149' title='bbox 688 2972 834 3038; x_wconf 89' lang='lat' dir='ltr'><strong>ecclesia</strong></span> <span class='ocrx_word' id='word_1_150' title='bbox 849 2973 950 3054; x_wconf 89' lang='lat' dir='ltr'><strong>quasi</strong></span> <span class='ocrx_word' id='word_1_151' title='bbox 972 2973 1223 3056; x_wconf 89' lang='lat' dir='ltr'><strong>possessionem</strong></span> <span class='ocrx_word' id='word_1_152' title='bbox 1236 2973 1343 3058; x_wconf 86' lang='lat' dir='ltr'><strong>hujus</strong></span> <span class='ocrx_word' id='word_1_153' title='bbox 1360 2974 1438 3058; x_wconf 76' lang='lat' dir='ltr'><strong>dig-</strong></span> 
     </span>
     <span class='ocr_line' id='line_1_26' title="bbox 426 3070 1436 3154; baseline 0.005 -20"><span class='ocrx_word' id='word_1_154' title='bbox 426 3081 428 3086; x_wconf 85' lang='lat'>&#39;</span> <span class='ocrx_word' id='word_1_155' title='bbox 485 3070 607 3134; x_wconf 88' lang='lat' dir='ltr'><strong>nitatis</strong></span> <span class='ocrx_word' id='word_1_156' title='bbox 634 3070 805 3148; x_wconf 89' lang='lat' dir='ltr'><strong>habuerit,</strong></span> <span class='ocrx_word' id='word_1_157' title='bbox 827 3091 892 3136; x_wconf 91' lang='lat' dir='ltr'><strong>vos</strong></span> <span class='ocrx_word' id='word_1_158' title='bbox 915 3090 1007 3135; x_wconf 91' lang='lat' dir='ltr'><strong>nunc</strong></span> <span class='ocrx_word' id='word_1_159' title='bbox 1034 3072 1116 3135; x_wconf 92' lang='lat' dir='ltr'><strong>novi</strong></span> <span class='ocrx_word' id='word_1_160' title='bbox 1140 3072 1232 3154; x_wconf 86' lang='lat' dir='ltr'><strong>regis</strong></span> <span class='ocrx_word' id='word_1_161' title='bbox 1262 3074 1436 3139; x_wconf 88' lang='lat' dir='ltr'><strong>coronati-</strong></span> 
     </span>
     <span class='ocr_line' id='line_1_27' title="bbox 487 3169 1435 3255; baseline 0.004 -23"><span class='ocrx_word' id='word_1_162' title='bbox 487 3169 559 3247; x_wconf 89' lang='lat' dir='ltr'><strong>oni,</strong></span> <span class='ocrx_word' id='word_1_163' title='bbox 584 3169 843 3252; x_wconf 87' lang='lat' dir='ltr'><strong>archiepiscopo</strong></span> <span class='ocrx_word' id='word_1_164' title='bbox 865 3190 934 3234; x_wconf 92' lang='lat' dir='ltr'><strong>non</strong></span> <span class='ocrx_word' id='word_1_165' title='bbox 956 3170 1172 3252; x_wconf 84' lang='lat' dir='ltr'><strong>praemonito,</strong></span> <span class='ocrx_word' id='word_1_166' title='bbox 1194 3172 1231 3234; x_wconf 93' lang='lat' dir='ltr'><strong>in</strong></span> <span class='ocrx_word' id='word_1_167' title='bbox 1253 3170 1331 3254; x_wconf 87' lang='lat' dir='ltr'><strong>ejus</strong></span> <span class='ocrx_word' id='word_1_168' title='bbox 1353 3193 1435 3255; x_wconf 92' lang='lat' dir='ltr'><strong>pro·</strong></span> 
     </span>
     <span class='ocr_line' id='line_1_28' title="bbox 487 3268 1493 3352; baseline 0.004 -20"><span class='ocrx_word' id='word_1_169' title='bbox 487 3268 603 3336; x_wconf 89' lang='lat' dir='ltr'><strong>vincia</strong></span> <span class='ocrx_word' id='word_1_170' title='bbox 630 3269 857 3333; x_wconf 87' lang='lat' dir='ltr'><strong>ministerium</strong></span> <span class='ocrx_word' id='word_1_171' title='bbox 895 3268 1060 3351; x_wconf 85' lang='lat' dir='ltr'><strong>praebere,</strong></span> <span class='ocrx_word' id='word_1_172' title='bbox 1092 3268 1202 3334; x_wconf 88' lang='lat' dir='ltr'><strong>literis</strong></span> <span class='ocrx_word' id='word_1_173' title='bbox 1234 3273 1436 3352; x_wconf 89' lang='lat' dir='ltr'><strong>apostolicis</strong></span> <span class='ocrx_word' id='word_1_174' title='bbox 1487 3278 1493 3288; x_wconf 91' lang='lat'>&#39;</span> 
     </span>
     <span class='ocr_line' id='line_1_29' title="bbox 487 3366 1439 3450; baseline 0.004 -18"><span class='ocrx_word' id='word_1_175' title='bbox 487 3367 522 3432; x_wconf 93' lang='lat' dir='ltr'><strong>id</strong></span> <span class='ocrx_word' id='word_1_176' title='bbox 540 3367 812 3450; x_wconf 88' lang='lat' dir='ltr'><strong>prohibentibus,</strong></span> <span class='ocrx_word' id='word_1_177' title='bbox 829 3366 1120 3450; x_wconf 78' lang='lat' dir='ltr'><strong>praesumpsistis3</strong></span> <span class='ocrx_word' id='word_1_178' title='bbox 1143 3373 1190 3444; x_wconf 89' lang='lat' dir='ltr'><strong>et,</strong></span> <span class='ocrx_word' id='word_1_179' title='bbox 1207 3369 1268 3449; x_wconf 90' lang='lat' dir='ltr'><strong>qui</strong></span> <span class='ocrx_word' id='word_1_180' title='bbox 1283 3369 1439 3435; x_wconf 87' lang='lat' dir='ltr'><strong>relevare</strong></span> 
     </span>
     <span class='ocr_line' id='line_1_30' title="bbox 487 3465 1439 3548; baseline 0.007 -20"><span class='ocrx_word' id='word_1_181' title='bbox 487 3465 597 3547; x_wconf 89' lang='lat' dir='ltr'><strong>ipsius</strong></span> <span class='ocrx_word' id='word_1_182' title='bbox 620 3467 762 3532; x_wconf 90' lang='lat' dir='ltr'><strong>exilium</strong></span> <span class='ocrx_word' id='word_1_183' title='bbox 786 3466 1083 3548; x_wconf 89' lang='lat' dir='ltr'><strong>qualibuscunque</strong></span> <span class='ocrx_word' id='word_1_184' title='bbox 1104 3466 1238 3530; x_wconf 86' lang='lat' dir='ltr'><strong>solatiis</strong></span> <span class='ocrx_word' id='word_1_185' title='bbox 1258 3467 1439 3548; x_wconf 89' lang='lat' dir='ltr'><strong>debuistis,</strong></span> 
     </span>
     <span class='ocr_line' id='line_1_31' title="bbox 488 3563 1437 3648; baseline 0.004 -20"><span class='ocrx_word' id='word_1_186' title='bbox 488 3566 710 3646; x_wconf 81' lang='lat' dir='ltr'><strong>aggravastis</strong></span> <span class='ocrx_word' id='word_1_187' title='bbox 737 3565 854 3647; x_wconf 93' lang='lat' dir='ltr'><strong>potius</strong></span> <span class='ocrx_word' id='word_1_188' title='bbox 878 3583 1019 3628; x_wconf 90' lang='lat' dir='ltr'><strong>causam</strong></span> <span class='ocrx_word' id='word_1_189' title='bbox 1039 3563 1127 3647; x_wconf 85' lang='lat' dir='ltr'><strong>ejus,</strong></span> <span class='ocrx_word' id='word_1_190' title='bbox 1152 3572 1188 3628; x_wconf 90' lang='lat' dir='ltr'><strong>et</strong></span> <span class='ocrx_word' id='word_1_191' title='bbox 1213 3585 1318 3648; x_wconf 91' lang='lat' dir='ltr'><strong>super</strong></span> <span class='ocrx_word' id='word_1_192' title='bbox 1338 3567 1437 3632; x_wconf 90' lang='lat' dir='ltr'><strong>dolo-</strong></span> 
     </span>
     <span class='ocr_line' id='line_1_32' title="bbox 487 3663 1436 3746; baseline 0.006 -21"><span class='ocrx_word' id='word_1_193' title='bbox 487 3681 560 3726; x_wconf 91' lang='lat' dir='ltr'><strong>rem</strong></span> <span class='ocrx_word' id='word_1_194' title='bbox 577 3664 758 3728; x_wconf 91' lang='lat' dir='ltr'><strong>vulnerum</strong></span> <span class='ocrx_word' id='word_1_195' title='bbox 775 3663 862 3746; x_wconf 88' lang='lat' dir='ltr'><strong>ejus,</strong></span> <span class='ocrx_word' id='word_1_196' title='bbox 879 3663 971 3746; x_wconf 93' lang='lat' dir='ltr'><strong>quod</strong></span> <span class='ocrx_word' id='word_1_197' title='bbox 994 3669 1179 3727; x_wconf 88' lang='lat' dir='ltr'><strong>moerentes</strong></span> <span class='ocrx_word' id='word_1_198' title='bbox 1201 3663 1359 3743; x_wconf 90' lang='lat' dir='ltr'><strong>dicimus,</strong></span> <span class='ocrx_word' id='word_1_199' title='bbox 1373 3668 1436 3731; x_wconf 88' lang='lat' dir='ltr'><strong>ad·</strong></span> 
     </span>
     <span class='ocr_line' id='line_1_33' title="bbox 487 3760 1439 3844; baseline 0.011 -21"><span class='ocrx_word' id='word_1_200' title='bbox 487 3760 633 3825; x_wconf 90' lang='lat' dir='ltr'><strong>didistis.</strong></span> <span class='ocrx_word' id='word_1_201' title='bbox 679 3761 724 3825; x_wconf 95' lang='lat' dir='ltr'><strong>In</strong></span> <span class='ocrx_word' id='word_1_202' title='bbox 749 3781 819 3843; x_wconf 92' lang='lat' dir='ltr'><strong>quo</strong></span> <span class='ocrx_word' id='word_1_203' title='bbox 846 3761 952 3838; x_wconf 81' lang='lat' dir='ltr'><strong>facto,</strong></span> <span class='ocrx_word' id='word_1_204' title='bbox 972 3761 1003 3826; x_wconf 90' lang='lat' dir='ltr'><strong>si</strong></span> <span class='ocrx_word' id='word_1_205' title='bbox 1025 3769 1147 3827; x_wconf 89' lang='lat' dir='ltr'><strong>contra</strong></span> <span class='ocrx_word' id='word_1_206' title='bbox 1168 3781 1335 3844; x_wconf 91' lang='lat' dir='ltr'><strong>personas</strong></span> <span class='ocrx_word' id='word_1_207' title='bbox 1362 3786 1439 3832; x_wconf 89' lang='lat' dir='ltr'><strong>ves-</strong></span> 
     </span>
     <span class='ocr_line' id='line_1_34' title="bbox 488 3859 1438 3947; baseline -0.002 -24"><span class='ocrx_word' id='word_1_208' title='bbox 488 3866 561 3924; x_wconf 88' lang='lat' dir='ltr'><strong>tras</strong></span> <span class='ocrx_word' id='word_1_209' title='bbox 586 3880 655 3924; x_wconf 92' lang='lat' dir='ltr'><strong>non</strong></span> <span class='ocrx_word' id='word_1_210' title='bbox 679 3866 848 3942; x_wconf 92' lang='lat' dir='ltr'><strong>quantum</strong></span> <span class='ocrx_word' id='word_1_211' title='bbox 869 3859 974 3944; x_wconf 91' lang='lat' dir='ltr'><strong>culpa</strong></span> <span class='ocrx_word' id='word_1_212' title='bbox 993 3860 1105 3942; x_wconf 82' lang='lat' dir='ltr'><strong>exigit</strong></span> <span class='ocrx_word' id='word_1_213' title='bbox 1127 3879 1339 3940; x_wconf 87' lang='lat' dir='ltr'><strong>moveamur,</strong></span> <span class='ocrx_word' id='word_1_214' title='bbox 1359 3884 1438 3947; x_wconf 87' lang='lat' dir='ltr'><strong>per.</strong></span> 
     </span>
     <span class='ocr_line' id='line_1_35' title="bbox 487 3958 1436 4042; baseline 0.011 -22"><span class='ocrx_word' id='word_1_215' title='bbox 487 3958 636 4023; x_wconf 90' lang='lat' dir='ltr'><strong>transire</strong></span> <span class='ocrx_word' id='word_1_216' title='bbox 652 3966 767 4022; x_wconf 88' lang='lat' dir='ltr'><strong>tamen</strong></span> <span class='ocrx_word' id='word_1_217' title='bbox 786 3958 852 4024; x_wconf 91' lang='lat' dir='ltr'><strong>hoc</strong></span> <span class='ocrx_word' id='word_1_218' title='bbox 871 3959 937 4022; x_wconf 92' lang='lat' dir='ltr'><strong>sub</strong></span> <span class='ocrx_word' id='word_1_219' title='bbox 957 3958 1094 4023; x_wconf 89' lang='lat' dir='ltr'><strong>silentio</strong></span> <span class='ocrx_word' id='word_1_220' title='bbox 1115 3978 1184 4022; x_wconf 89' lang='lat' dir='ltr'><strong>non</strong></span> <span class='ocrx_word' id='word_1_221' title='bbox 1200 3960 1376 4042; x_wconf 86' lang='lat' dir='ltr'><strong>debemus,</strong></span> <span class='ocrx_word' id='word_1_222' title='bbox 1392 3985 1436 4030; x_wconf 90' lang='lat' dir='ltr'><strong>ne</strong></span> 
     </span>
     <span class='ocr_line' id='line_1_36' title="bbox 487 4055 1436 4140; baseline 0.011 -23"><span class='ocrx_word' id='word_1_223' title='bbox 487 4055 589 4134; x_wconf 83' lang='lat' dir='ltr'><strong>forte,</strong></span> <span class='ocrx_word' id='word_1_224' title='bbox 609 4057 702 4140; x_wconf 93' lang='lat' dir='ltr'><strong>quod</strong></span> <span class='ocrx_word' id='word_1_225' title='bbox 720 4056 892 4120; x_wconf 89' lang='lat' dir='ltr'><strong>Dominus</strong></span> <span class='ocrx_word' id='word_1_226' title='bbox 913 4062 1061 4134; x_wconf 85' lang='lat' dir='ltr'><strong>avertet,</strong></span> <span class='ocrx_word' id='word_1_227' title='bbox 1081 4065 1115 4123; x_wconf 92' lang='lat' dir='ltr'><strong>et</strong></span> <span class='ocrx_word' id='word_1_228' title='bbox 1136 4077 1199 4122; x_wconf 91' lang='lat' dir='ltr'><strong>nos</strong></span> <span class='ocrx_word' id='word_1_229' title='bbox 1222 4065 1257 4122; x_wconf 90' lang='lat' dir='ltr'><strong>et</strong></span> <span class='ocrx_word' id='word_1_230' title='bbox 1276 4080 1340 4126; x_wconf 90' lang='lat' dir='ltr'><strong>vos</strong></span> <span class='ocrx_word' id='word_1_231' title='bbox 1358 4081 1436 4126; x_wconf 91' lang='lat' dir='ltr'><strong>sen·</strong></span> 
     </span>
     <span class='ocr_line' id='line_1_37' title="bbox 488 4155 1436 4241; baseline 0.008 -23"><span class='ocrx_word' id='word_1_232' title='bbox 488 4156 599 4220; x_wconf 89' lang='lat' dir='ltr'><strong>tentia</strong></span> <span class='ocrx_word' id='word_1_233' title='bbox 623 4157 750 4222; x_wconf 86' lang='lat' dir='ltr'><strong>divinae</strong></span> <span class='ocrx_word' id='word_1_234' title='bbox 776 4157 973 4222; x_wconf 89' lang='lat' dir='ltr'><strong>severitatis</strong></span> <span class='ocrx_word' id='word_1_235' title='bbox 995 4155 1145 4234; x_wconf 90' lang='lat' dir='ltr'><strong>addicat,</strong></span> <span class='ocrx_word' id='word_1_236' title='bbox 1169 4158 1200 4220; x_wconf 90' lang='lat' dir='ltr'><strong>si</strong></span> <span class='ocrx_word' id='word_1_237' title='bbox 1225 4176 1279 4236; x_wconf 89' lang='lat' dir='ltr'><strong>ea,</strong></span> <span class='ocrx_word' id='word_1_238' title='bbox 1302 4178 1381 4241; x_wconf 85' lang='lat' dir='ltr'><strong>quae</strong></span> <span class='ocrx_word' id='word_1_239' title='bbox 1400 4163 1436 4226; x_wconf 92' lang='lat' dir='ltr'><strong>in</strong></span> 
     </span>
     <span class='ocr_line' id='line_1_38' title="bbox 487 4255 1437 4339; baseline 0.007 -22"><span class='ocrx_word' id='word_1_240' title='bbox 487 4255 596 4320; x_wconf 87' lang='lat' dir='ltr'><strong>oculis</strong></span> <span class='ocrx_word' id='word_1_241' title='bbox 623 4255 774 4320; x_wconf 88' lang='lat' dir='ltr'><strong>omniurn</strong></span> <span class='ocrx_word' id='word_1_242' title='bbox 800 4273 980 4339; x_wconf 89' lang='lat' dir='ltr'><strong>perperam</strong></span> <span class='ocrx_word' id='word_1_243' title='bbox 1013 4262 1092 4322; x_wconf 87' lang='lat' dir='ltr'><strong>acta</strong></span> <span class='ocrx_word' id='word_1_244' title='bbox 1123 4264 1217 4334; x_wconf 87' lang='lat' dir='ltr'><strong>sunt,</strong></span> <span class='ocrx_word' id='word_1_245' title='bbox 1242 4257 1437 4339; x_wconf 83' lang='lat' dir='ltr'><strong>neglexeri-</strong></span> 
     </span>
    </p>
   </div>
   <div class='ocr_carea' id='block_1_4' title="bbox 0 0 1609 5194">
    <p class='ocr_par' dir='ltr' id='par_1_4' title="bbox 0 0 1609 5194">
     <span class='ocr_line' id='line_1_39' title="bbox 0 0 1609 5194; baseline 0 0"><span class='ocrx_word' id='word_1_246' title='bbox 0 0 1609 5194; x_wconf 95' lang='lat' dir='ltr'><strong> </strong></span> 
     </span>
    </p>
   </div>
  </div>
 </body>
</html>
