3178 5194
284 1017 339 1055 Μ).
351 1017 407 1056 1189.

282 1065 406 1106 conditioni

286 1116 380 1164 olpeace

284 1166 379 1204 between

284 1215 358 1262 llenry
367 1214 410 1253 and

285 1265 386 1304 Richard.

445 540 511 602 442
702 554 837 601 aocnnr
861 555 909 600 nn
932 553 1139 602 wunnovna

517 773 559 848 Ul
573 805 628 849 rea
643 784 799 848 Heorioae
812 805 881 848 crau
895 783 1134 864 Richardofilio
1148 806 1202 849 sao
1211 806 1323 869 paoem

793 893 914 948 coortae
919 883 1045 972 firmil.

498 1000 645 1071 Eodem¹
666 1027 770 1085 auno,
792 1008 829 1071 in
852 1008 1004 1071 crastino
1028 1005 1230 1070 festivitatis
1257 1013 1397 1088 aposto-

447 1107 558 1170 lorum
576 1107 674 1170 Petri
690 1113 726 1171 et
741 1105 855 1183 Pauli,
872 1125 986 1170 comcs
1009 1106 1184 1172 Flandriae
1201 1105 1396 1189 Philippus,

448 1213 483 1270 et
498 1205 706 1282 Willelmus,
721 1205 904 1269 Remensis
926 1204 1218 1287 archiepiscopus,
1229 1214 1264 1269 et
1274 1205 1397 1286 Hugo,

447 1305 521 1368 dux
542 1304 955 1386 Burgundiae‚vene1·unt
978 1303 1070 1386 apud
1097 1303 1246 1368 Saumur
1271 1305 1315 1368 ad
1343 1324 1397 1367 re-

447 1423 525 1486 gem
548 1402 742 1484 Anglorum
768 1404 812 1468 ad
837 1404 1111 1485 componendum
1139 1404 1335 1467 intersum
1361 1411 1398 1466 et

447 1523 564 1585 regem
591 1503 801 1567 Francorum
826 1510 861 1566 et
886 1502 1111 1580 Richardnm,
1133 1503 1293 1568 comitem
1318 1502 1397 1565 Pic-

449 1609 618 1666 tavorum.
672 1601 809 1665 Habuit
830 1608 947 1685 autem
967 1621 1082 1665 comes
1103 1601 1299 1665 Richardus
1318 1602 1397 1663 Bri·

450 1707 548 1764 tones
573 1699 829 1764 confoederatos
856 1720 934 1763 cnm
965 1699 1254 1775 PictaviensibuS,
1280 1701 1338 1782 qui
1375 1719 1397 1762 a

449 1819 531 1880 rege
576 1799 788 1862 Francorum
823 1800 943 1863 literas
980 1805 1138 1881 patentes
1178 1805 1397 1880 acceperant,

450 1897 541 1979 quod
570 1899 645 1980 ipse
667 1898 866 1963 nullatenus
886 1918 963 1961 cum
986 1917 1068 1978 rege
1085 1894 1281 1978 Anglorum
1302 1917 1396 1961 com-

450 2005 606 2078 poneret,
628 1998 693 2062 nisi
715 2005 751 2062 et
767 1998 834 2080 ipsi
851 1998 887 2064 in
904 1997 1132 2079 paceluerint
1147 1995 1396 2079 comprehensi.

451 2096 591 2159 Interea
610 2117 693 2161 vero
719 2116 782 2160 rex
808 2096 1020 2160 Francorum
1046 2103 1082 2160 et
1109 2095 1317 2172 Richardus
1339 2116 1397 2160 co·

450 2215 523 2258 mes
540 2195 776 2273 Pictavorum,
794 2196 970 2260 civitatem
990 2193 1201 2259 Turonicam
1218 2195 1397 2259 obsidione

449 2295 641 2374 cingentes,
664 2295 824 2377 proximo
845 2295 901 2358 die
919 2294 1030 2358 Lunae
1056 2301 1137 2377 post
1158 2293 1286 2357 festum
1308 2313 1397 2374 prae·

446 2393 572 2468 fatum,
604 2413 651 2458 ex
676 2401 775 2476 parte
803 2393 938 2475 Ligeris
966 2393 1131 2470 flumiuiS,
1159 2412 1231 2475 prae
1256 2393 1397 2456 modici·

451 2497 524 2556 tate
541 2512 653 2575 aquae,
675 2493 779 2556 scalis
797 2512 895 2556 muro
915 2491 1113 2573 applicatis,
1129 2492 1298 2557 violenter
1315 2492 1399 2555 civi-

447 2596 559 2658 tatem
582 2599 747 2672 ceperunt
764 2591 850 2655 etin
867 2610 909 2654 ca
923 2591 1051 2654 milites
1070 2592 1255 2672 sexaginta
1274 2611 1397 2654 novem

451 2694 486 2750 et
513 2697 650 2752 eentum
677 2691 879 2754 servientes.
931 2690 1031 2752 Tunc
1059 2710 1120 2753 rex
1141 2687 1335 2770 Anglorum
1351 2691 1398 2752 -in

450 2793 548 2851 arcto
571 2787 781 2852 constitutus
807 2807 927 2870 pacem
945 2789 1012 2850 sibi
1033 2789 1269 2870 turpissimam
1284 2788 1398 2851 facere

451 2887 649 2967 compulsus
672 2893 725 2950 est
741 2887 779 2949 in
795 2886 886 2947 hunc
904 2886 1063 2961 modum;
1099 2887 1179 2946 Rex
1202 2883 1396 2963 Anglorum

451 2985 628 3064 seposuit
652 3003 697 3046 ex
722 2990 797 3046 toto
821 2981 857 3044 in
880 2981 1023 3045 oonsilio
1051 2983 1142 3062 regis
1172 2981 1397 3059 Francorum,

450 3082 502 3144 ita
519 3079 624 3162 quod,
645 3081 807 3162 quicquid
832 3081 923 3143 idern
943 3099 1006 3143 rex
1027 3081 1224 3162 provideret
1246 3080 1301 3144 vel
1323 3081 1397 3145 fieri

445 3178 631 3261 judicaret,
660 3199 722 3242 rex
743 3177 884 3260 Angliae
912 3180 986 3241 sino
1008 3179 1280 3244 contradictione
1302 3198 1396 3244 com·

445 3278 572 3361 ploret.
625 3278 726 3342 Tunc
755 3299 818 3343 rex
850 3276 1043 3358 Anglorum
1074 3279 1147 3360 regi
1184 3278 1395 3343 Francorum

450 3378 532 3466 fecit
548 3377 760 3459 homagium,
780 3378 861 3460 quia
878 3379 914 3440 in
939 3378 1108 3459 principio
1132 3377 1236 3460 hujus
1261 3398 1396 3460 guerrae

450 3475 648 3558 homagium
687 3496 787 3540 suum
827 3475 1024 3539 reddiderat
1064 3477 1139 3558 regi
1171 3477 1395 3541 Francorum.

451 3575 636 3640 Provisum
647 3583 701 3639 est
710 3576 863 3656 insuper,
875 3582 915 3638 ut
923 3573 1054 3650 Alesia,
1066 3595 1165 3640 soror
1179 3576 1272 3657 regis
1285 3576 1396 3639 Fran-

450 3693 580 3751 corum,
606 3673 807 3738 redderetur
834 3675 869 3738 in
894 3675 1052 3738 custodia
1073 3675 1209 3738 comitis
1230 3674 1398 3739 Richardi

451 3773 619 3854 usquead
641 3772 790 3837 reditum
808 3792 908 3836 suum
933 3773 975 3836 de
997 3773 1274 3855 peregrinatione
1295 3782 1396 3850 terrae

449 3879 593 3948 sanctae,
607 3878 646 3935 ut
666 3878 749 3935 tunc
769 3871 865 3936 illam
885 3871 1026 3935 duceret
1042 3872 1078 3935 in
1099 3892 1255 3936 uxorem.
1308 3873 1396 3936 Pro-

449 3972 562 4033 visum
591 3977 644 4034 est
674 3971 791 4048 etiam,
818 3971 908 4054 quod
940 3989 1054 4034 comes
1081 3971 1277 4034 Richardus
1308 3971 1397 4034 acci-

449 4077 547 4150 peret
561 4069 724 4150 homagia
738 4070 914 4134 hominum
932 4071 975 4132 de
992 4071 1151 4132 omnibus
1167 4070 1267 4134 terris
1287 4071 1397 4151 patris

517 4285 626 4336 ¹Eodem
637 4287 720 4350 unna]
739 4289 872 4351 Hoveden,
883 4304 909 4350 p.
922 4292 986 4349 6533
999 4289 1131 4338 Benedict.
1144 4289 1211 4338 Abb.
1223 4304 1249 4349 p.
1262 4293 1319 4338 545.
