3138 5184
421 522 560 571 suenus
583 523 853 571 msronmnuu.
1045 505 1111 570 223

160 680 432 744 Dunelmensem
462 680 673 762 episcopum,
708 679 752 743 ad
784 680 951 762 populum
984 677 1108 743 exhor·
1123 695 1253 786 ffiuffi

160 778 318 854 tandum,
341 779 413 861 qui,
443 786 541 842 stans
566 778 602 843 in
631 779 705 842 acie
727 779 841 842 media
866 780 902 842 in
927 779 1003 843 loco
1024 757 1266 842 emi-smila.⁰

161 878 272 954 nenti,
288 897 372 941 usus
396 885 450 942 est
472 877 669 962 hujusmodi
690 878 882 957 incentiv03
908 871 1110 942 ¹‘Proceres

162 974 303 1057 Angliee
327 975 520 1052 clarissimi,
548 975 856 1056 Normannigenae,
877 984 999 1041 contra
1022 995 1109 1058 quos

163 1073 280 1137 audax
296 1073 446 1137 Francia
461 1073 705 1150 contremiscit,
719 1073 820 1138 serox
830 1073 960 1156 Anglia
976 1093 998 1140 a
1012 1076 1111 1138 vobis

163 1180 269 1254 capta
290 1173 494 1250 succumbit,
513 1171 611 1236 dives
630 1171 760 1254 Apulia
780 1191 844 1237 vos
860 1174 984 1238 sortita
1007 1173 1110 1238 reflo-

163 1272 247 1346 ruit,
275 1269 496 1334 Hierusalem
523 1270 658 1334 iamosa
685 1279 721 1335 et
749 1271 897 1354 insignis
924 1271 1111 1336 Antiochia

165 1377 315 1450 utraque
337 1389 375 1433 se
401 1370 500 1433 vobis
522 1370 716 1451 supposuit,
740 1388 831 1434 nunc
857 1370 985 1445 Scotia,
1011 1369 1110 1434 vobis

165 1469 230 1531 rite
263 1468 433 1551 subjecta,
463 1469 627 1550 repellere
653 1475 811 1545 conatur,
835 1467 998 1532 inermem
1023 1487 1110 1550 prae-

165 1566 278 1630 ferens
310 1567 552 1643 temeritatem,
577 1565 692 1648 aptior
721 1567 807 1630 rixoe
836 1586 941 1650 quam
970 1586 1109 1650 pugnae.

167 1664 297 1729 Nullus
324 1664 431 1746 igitur
454 1667 500 1729 sit
522 1664 663 1729 verendi
688 1665 796 1742 locus,
824 1665 885 1729 sed
907 1667 1024 1748 potins
1051 1686 1111 1730 ve·

165 1765 349 1841 recundiae,
377 1765 470 1846 quod
492 1761 557 1841 illi,
581 1783 669 1846 quos
695 1783 831 1846 semper
852 1765 888 1827 in
910 1765 1024 1847 patria
1047 1784 1112 1828 sua

166 1864 352 1944 petivimus
377 1870 412 1926 et
430 1863 586 1939 vicimus,
609 1863 756 1927 nuncin
776 1864 921 1945 patriam
946 1872 1112 1941 nostram,

166 1963 234 2026 ritu
257 1970 469 2038 transverso,
493 1961 667 2025 dementes
696 1968 731 2024 et
756 1962 842 2026 ebrii
866 1962 1111 2040 convolarunt3

167 2061 259 2142 qnod
296 2063 413 2124 tamen
448 2079 514 2142 ego
543 2059 671 2142 praesul
702 2060 801 2124 vobis
833 2059 952 2124 divina
981 2058 1112 2123 sactum

168 2158 387 2241 providentia
415 2158 592 2236 denuntio,
619 2165 659 2221 ut
691 2158 736 2235 bi,
761 2159 822 2242 qui
847 2160 882 2222 in
908 2158 971 2221 bac
997 2159 1113 2240 patria

167 2258 297 2338 templa
320 2257 387 2321 Dei
412 2258 596 2333 violarunt,
628 2258 754 2321 altaria
778 2256 987 2340 polluerunt,
1018 2275 1114 2339 pres-

167 2357 308 2438 byteros
322 2355 532 2433 occidertmt,
547 2374 610 2420 nec
630 2358 747 2438 pueris
768 2375 832 2420 nec
853 2356 1114 2440 praegnantibus

169 2461 407 2537 pepercerunt,
435 2455 471 2518 in
502 2455 620 2518 eadem
646 2454 838 2536 condignas
871 2455 926 2518 sni
951 2455 1114 2520 facinoris

171 2554 268 2617 luant
292 2554 427 2635 poenas.
478 2551 640 2618 Attollite
667 2554 776 2635 igitur
799 2553 944 2632 animos,
964 2554 1030 2619 viri
1046 2556 1113 2618 ele-

170 2660 314 2734 gantes;
335 2651 452 2716 hostes
471 2652 699 2735 nequissimos
720 2650 835 2734 patria
854 2653 996 2731 virtute,
1010 2654 1114 2716 immo

173 2750 238 2815 Dei
270 2750 501 2834 praescientia,
529 2751 720 2832 confligite,
746 2751 806 2833 qui
834 2771 872 2815 se
895 2750 1053 2815 nesciunt
1078 2752 1115 2814 in

171 2851 259 2914 bello
282 2849 422 2925 armari,
447 2869 510 2913 nec
536 2869 638 2914 casus
666 2850 747 2913 belli
770 2850 893 2914 dubios
920 2850 1114 2932 suspicetis.

172 2948 319 3030 Tegitur
339 2949 438 3012 vobis
463 2948 570 3012 lorica
592 2955 725 3031 pectus,
745 2949 848 3030 galea
869 2956 987 3031 caput,
1006 2949 1116 3012 ocreis

173 3067 284 3123 crura,
306 3055 342 3110 et
363 3047 485 3129 clypeo
505 3053 617 3111 totum
639 3066 789 3129 corpus3
814 3047 874 3110 ubi
890 3046 993 3112 seriat
1006 3046 1116 3110 hostis

174 3167 241 3210 non
256 3146 399 3228 reperit,
420 3165 523 3228 quem
547 3153 683 3228 septum
702 3146 808 3209 armis
827 3145 980 3228 nudique
994 3145 1117 3209 cernit.

173 3245 267 3324 Quid
292 3243 402 3325 igitur
421 3245 569 3308 inermes
590 3244 758 3308 dubitatis
784 3252 821 3309 et
841 3243 997 3308 inertesl
1049 3242 1117 3306 Sed

170 3344 243 3428 jam
269 3343 373 3405 finem
400 3343 563 3425 loquendi
586 3343 767 3407 conserunt
786 3341 903 3406 hostes
924 3339 1119 3407 inordinate

173 3447 389 3524 proruentes,
402 3440 549 3523 dispersi
562 3441 787 3517 confluentes,
803 3441 895 3522 quod
913 3440 1027 3504 animo
1042 3459 1120 3504 meo

174 3542 259 3604 satis
274 3540 402 3620 placet.
454 3539 592 3622 Siquis
615 3539 762 3623 denique
785 3547 937 3603 vestrum
961 3557 1025 3621 pro
1043 3539 1119 3602 Deo

173 3657 333 3720 pugnans
359 3645 394 3701 et
422 3639 535 3720 patria
565 3639 775 3714 occubuerit,
802 3638 1014 3702 absolvimus
1041 3657 1120 3700 eum

176 3739 219 3800 ab
240 3737 336 3800 omni
363 3756 466 3818 poena
487 3738 621 3820 peccati
644 3739 680 3800 in
709 3737 845 3800 nomine
869 3735 997 3812 patrm,
1020 3734 1120 3820 cujus

177 3843 353 3900 creaturas
390 3835 480 3899 loede
517 3843 554 3899 et
591 3836 801 3900 horribiliter
823 3842 1055 3917 peremerunt,
1084 3841 1121 3898 et

179 3935 269 4011 Filii,
284 3933 384 4018 cujus
401 3934 527 3998 altaria
542 3935 751 4016 polluerunt,
768 3940 804 3996 et
822 3934 973 4016 Spiritus
990 3932 1122 4008 Sancti,

180 4034 276 4116 cujus
291 4033 441 4113 gratiam
459 4033 625 4096 immania
650 4039 889 4114 perpetrantes
913 4039 949 4095 ct
968 4029 1122 4094 enormia

212 4205 365 4270 mma
391 4207 445 4256 'l'be
467 4208 560 4269 speecb
578 4207 609 4256 oi
626 4207 668 4256 tbe
690 4205 780 4267 bisbop
803 4205 902 4254 iubere
919 4203 1043 4266 abridgctl
1060 4203 1123 4251 from

182 4275 354 4338 Huntingdon,
363 4292 390 4337 p.
399 4280 456 4325 ³88.
