3190 5202
391 555 530 605 ruoans
554 555 823 608 ursroarsnuu.
1036 549 1079 612 51

129 711 248 798 nabat.
282 712 454 790 Tandem,
463 713 642 798 aliquanto
657 724 810 799 tempore
822 717 952 799 elapso,
965 720 1079 800 priore
1092 735 1146 824 ff·
1158 737 1213 824 2⁰⁹⁵-

130 809 309 891 Egelwino
327 812 501 890 defuncto,
516 815 700 879 Wlstanus
716 817 810 898 prior
826 824 861 881 et
880 825 980 898 pater
994 837 1077 882 con·
1091 797 1196 875 dublo·

127 910 340 990 gregationis
353 907 499 976 efficitur
512 915 556 977 ab
571 915 733 997 episeopo
747 915 901 998 ejusdem
925 917 991 980 loci
1011 917 1076 982 Al-

127 1007 255 1088 dredo;
282 1011 375 1092 quod
399 1011 548 1089 officium
563 1015 619 1095 pie
634 1022 669 1090 et
682 1013 901 1079 laudabiliter
917 1014 1076 1097 implens,

126 1108 252 1190 prioris
273 1112 546 1174 conversationis
568 1113 806 1176 austeritatem
828 1133 897 1177 non
925 1115 1077 1196 reliquit,

127 1206 201 1283 sed,
210 1214 250 1271 ut
262 1210 396 1272 caeteris
410 1211 605 1292 exemplum
620 1211 796 1292 religionis
810 1214 990 1295 praeberet,
1000 1233 1076 1278 eam

127 1304 365 1388 multipliciter
389 1307 581 1390 ampliavit.
627 1309 798 1374 Processu
829 1330 966 1393 quoque
988 1320 1074 1375 tem·

127 1405 235 1488 poris,
259 1406 369 1470 electo
392 1407 436 1470 ad
459 1408 793 1491 archiepiscopatum
822 1411 1074 1474 Eboraceusem

127 1504 282 1568 Aldredo
300 1505 453 1588 ejusdem
478 1506 633 1571 ecclesiae
655 1507 828 1590 episcopo,
845 1509 885 1572 fit
902 1512 1075 1573 unanimis

128 1622 316 1667 consensus
342 1612 413 1668 tam
439 1605 522 1669 cleri
546 1624 650 1688 quam
675 1609 783 1672 totius
805 1609 915 1690 plebis
941 1611 977 1671 in
999 1610 1075 1692 ejus

127 1703 307 1780 electione,
323 1723 404 1784 rege
419 1705 560 1787 insuper
575 1715 763 1783 annuente,
777 1715 817 1770 ut
830 1727 931 1789 quem
946 1708 1075 1774 vellent

126 1802 194 1864 sibi
220 1802 388 1883 eligerent
409 1804 591 1885 praesulem
617 1812 652 1868 et
676 1807 867 1870 animarum
889 1814 1073 1888 pastorem.

128 1900 287 1982 Contigit
304 1909 420 1965 autem
436 1903 540 1986 hujus
558 1904 736 1968 electionis
755 1912 920 1986 tempore,
938 1906 1074 1986 legatos

127 1999 434 2082 sedisapostolicae
450 2003 609 2066 electioni
623 2003 801 2080 interesse,
816 2005 876 2086 qui
891 2023 969 2068 cum
984 2023 1076 2067 sum-

127 2119 266 2180 mopere
288 2100 363 2184 ejus
381 2101 583 2165 electionem
605 2102 808 2165 confirmare
829 2110 1076 2185 praeoptantes,

126 2197 327 2262 Wlstanum
351 2197 499 2262 electum
521 2221 590 2264 non
609 2201 826 2264 mediocriter
840 2201 1074 2281 offenderunt;

127 2315 209 2360 nam
231 2298 500 2362 obstinatissime
515 2300 674 2363 electioni
696 2300 798 2364 factae
820 2301 982 2376 renitens,
998 2297 1075 2364 cum

122 2395 324 2479 juramento
349 2397 544 2474 affirmavit,
569 2417 607 2461 se
637 2400 747 2476 multo
777 2399 938 2462 libentius
961 2399 1075 2463 decol-

128 2495 252 2558 lationi
268 2498 490 2560 succumbere
504 2497 606 2574 velle,
622 2517 726 2580 quarn
746 2505 818 2560 tam
833 2498 914 2561 altae
937 2499 1075 2562 ordina·

128 2594 217 2657 tioni
231 2601 266 2658 et
274 2595 436 2676 dignitati
450 2597 643 2660 consentire
655 2617 665 2675 3
681 2615 827 2678 cumque
838 2615 932 2678 saepe
942 2598 997 2660 vir
1009 2598 1076 2661 Dei

131 2693 317 2758 Wlstanus
333 2713 354 2756 a
368 2695 525 2776 pluribus
542 2694 627 2758 viris
651 2695 821 2776 religiosis
844 2702 879 2759 et
895 2697 1077 2760 venerabi·

130 2791 222 2854 libus
240 2794 409 2874 personis,
423 2793 621 2875 frequenter
637 2813 741 2876 super
757 2794 811 2857 bis
828 2801 1018 2858 conventus
1031 2795 1075 2858 ad

130 2910 336 2954 consensum
361 2893 561 2973 persuaderi
586 2913 656 2956 non
682 2895 864 2975 potuisset,
889 2893 1028 2956 tandem
1056 2912 1077 2955 a

131 2991 406 3054 viro'Deinsio
414 2991 560 3067 incluso,
573 2992 633 3072 qui
645 2999 726 3054 tunc
735 2992 919 3073 plusquam
928 2993 1077 3073 quadra-

130 3090 231 3170 ginta
251 3089 351 3152 anuis
366 3090 557 3153 solitariam
582 3098 702 3170 egerat
723 3091 843 3166 vitam,
866 3091 992 3154 acriter
1013 3111 1076 3172 pro

129 3188 364 3252 inobedientia
385 3189 582 3270 increpatus
608 3196 643 3251 et
665 3189 805 3253 oraculo
830 3190 948 3253 divino
975 3191 1076 3253 terri·

127 3286 246 3350 biliter
275 3286 484 3363 admonitus
518 3307 597 3350 cum
631 3289 782 3351 maximo
814 3288 927 3352 cordis
959 3288 1077 3353 dolore

129 3387 328 3467 compulsus
352 3393 406 3449 est
428 3387 633 3460 consentire,
657 3394 761 3467 atque
787 3389 823 3450 in
846 3387 901 3449 die
927 3387 1079 3450 decolla-

129 3485 237 3548 tionis
263 3485 356 3548 beati
370 3484 394 3548 J
397 3485 543 3549 ohannis
566 3485 737 3566 Baptista
761 3485 929 3548 electione
952 3485 1076 3548 confir-

128 3590 238 3660 mata,
253 3583 360 3646 indie
376 3583 570 3648 nativitatis
593 3585 704 3647 beatae
718 3583 839 3648 matris
853 3583 920 3646 Dei
943 3583 1077 3664 episco-

127 3702 195 3764 pus
213 3689 435 3746 consecratur
448 3683 715 3764 Wigorniensis,
732 3682 806 3745 vita
830 3682 1018 3764 praeclarus
1041 3689 1077 3745 et

128 3782 274 3858 meritis,
303 3781 346 3844 ab
379 3779 534 3846 Aldredo
572 3781 783 3845 Eboracensi
819 3780 1077 3862 archiepiscopo

127 3879 348 3958 venerand03
381 3887 596 3944 enatantem
626 3899 667 3942 eo
692 3886 845 3961 tempore
876 3879 1077 3960 stigandus,

128 3978 392 4042 Cantuariensis
426 3979 716 4061 archiepiscopus
749 3996 936 4060 suspensus
968 3997 989 4040 a
1016 3975 1077 4041 do-

127 4077 223 4140 mino
253 4096 346 4158 papa
373 4086 515 4159 propter
535 4077 663 4142 multas
689 4095 776 4159 quas
805 4076 934 4140 fecerat
961 4083 1077 4148 nans·

127 4175 337 4257 gressiones,
366 4177 458 4240 sicut
487 4177 569 4239 alibi
601 4176 731 4239 dictum
758 4182 831 4254 est;
866 4175 926 4238 sed
960 4182 1076 4239 tamen

127 4274 376 4358 professionem
401 4275 482 4339 fecit
505 4275 660 4338 ecclesiae
677 4274 918 4338 cantuariensi
939 4281 974 4338 et
1000 4275 1075 4359 ejus

909 4399 1017 4444 ri·
