3138 5184
447 556 513 622 218
703 569 837 618 nocnnr
862 569 909 615 nn
933 567 1140 616 wuunovnn

286 749 343 788 eu.
354 749 410 788 11³⁵.
449 738 505 794 rat
532 727 738 803 execrabile,
767 725 859 808 qnod
885 724 915 788 si
938 724 1068 791 visores
1091 721 1239 804 alicujus
1261 720 1401 794 silvam,

450 848 552 911 quem
578 845 653 890 esse
681 825 906 909 pecuniosum
936 824 1102 898 sciebant,
1133 841 1155 883 a
1184 821 1287 900 longe
1315 835 1400 880 cou-

451 929 635 1010 spicerent,
653 925 772 988 statim
787 930 925 988 vastum
947 922 984 984 iu
1007 940 1049 986 ea
1070 919 1302 1003 perhiberent,
1325 916 1402 978 sive

451 1033 543 1090 esset
573 1024 647 1089 sive
681 1043 762 1096 non,
791 1029 832 1086 ut
859 1041 938 1084 eum
971 1020 1045 1084 sine
1077 1019 1201 1082 merito
1233 1016 1402 1080 redimere

450 1123 668 1207 potuissent3
696 1121 816 1184 Tertio
833 1119 942 1195 vovit,
963 1117 1056 1200 quod
1073 1115 1268 1198 Danegeld,
1290 1113 1326 1176 id
1346 1119 1403 1175 est

452 1223 495 1286 de
515 1223 668 1305 qnalibet
690 1221 772 1284 hida
793 1226 895 1282 terrae
917 1217 1004 1281 dnos
1026 1216 1165 1292 solidos,
1188 1233 1276 1295 qnos
1301 1218 1403 1275 ante·

453 1340 606 1385 cessores
623 1320 699 1403 ejus
714 1319 869 1399 accipere
884 1322 1148 1390 consueverant,
1171 1315 1208 1375 in
1232 1319 1403 1376 aeternum

454 1420 554 1483 annis
581 1418 727 1499 singulis
752 1415 974 1480 condonaret.
1028 1413 1119 1478 Haec
1145 1419 1260 1476 autem
1288 1408 1403 1490 speci-

454 1518 568 1593 aliter,
596 1527 631 1580 et
654 1516 724 1579 alia
750 1514 861 1578 multa
886 1512 1105 1593 generaliter,
1125 1530 1163 1574 se
1182 1515 1403 1573 servaturum

449 1615 605 1698 juravit3
628 1615 689 1678 sed
713 1613 798 1677 nihil
819 1612 952 1689 horum,
978 1629 1056 1694 quae
1082 1611 1160 1673 Deo
1183 1608 1405 1691 promiserat,

453 1713 661 1778 observavit.

477 1880 527 1945 Dc
541 1880 704 1946 ancorato
710 1881 807 1962 facta
821 1881 903 1946 brier
917 1901 1015 1966 repom
1032 1877 1225 1964 Stephanum
1237 1886 1265 1941 ct
1279 1897 1378 1962 repom

839 1981 1008 2044 Scotorum.

290 2123 442 2164 ruamur
505 2094 590 2165 Ρθι·ι
612 2101 705 2165 idem
723 2107 859 2184 tempus
883 2101 1011 2177 David,
1036 2120 1099 2163 rex
1122 2100 1317 2177 Scotorum,
1342 2100 1406 2181 qni

292 2175 397 2214 scotland.
456 2200 464 2215 .

454 2201 664 2282 imperatrici
684 2200 886 2264 fidelitatem
911 2199 1053 2275 fecerat,
1077 2200 1114 2262 in
1130 2196 1295 2280 Anglium
1321 2199 1406 2261 hos·

455 2299 564 2363 tiliter
594 2300 749 2376 senione,
774 2298 971 2362 Carleolum
997 2307 1033 2361 et
1060 2297 1404 2360 Novum-castellum

357 2441 360 2446 -
454 2417 559 2479 super
573 2397 710 2478 Tynam
725 2398 816 2479 cepit
834 2405 871 2460 et
888 2416 971 2460 suos
989 2397 1166 2478 imposuit.
1222 2395 1407 2459 Promovit

454 2496 562 2576 igitur
575 2514 639 2557 rex
661 2495 858 2576 Stephanus
881 2501 1003 2558 contra
1026 2514 1104 2558 eum
1128 2495 1318 2557 exercitum
1345 2514 1405 2558 co·

455 2595 603 2676 piosum,
625 2599 661 2656 et
684 2593 759 2674 regi
785 2594 967 2657 Scotorum
994 2593 1087 2675 apud
1107 2592 1318 2656 Dunelmum
1344 2613 1405 2656 oc·

456 2709 597 2755 currens
618 2684 866 2756 'concordatus
891 2698 945 2755 est
966 2711 1044 2755 cum
1070 2711 1124 2769 eo,
1150 2691 1233 2773 quia
1255 2691 1406 2755 reddidit

456 2792 488 2853 ei
517 2809 582 2852 rex
610 2789 726 2854 David
760 2790 1112 2866 Novum-castellum,
1144 2798 1180 2854 et
1206 2789 1405 2854 carleolum

456 2889 599 2952 retinuit
627 2889 719 2969 regis
748 2888 915 2971 Stephani
940 2890 1131 2954 voluntate.
1181 2889 1261 2954 Rex
1287 2895 1405 2952 tamen

456 2987 638 3051 Scotorum
669 2988 868 3069 homagium
900 2988 974 3069 regi
1005 2987 1183 3070 Stephano
1213 3007 1284 3051 non
1310 2988 1405 3063 fecit,

457 3085 541 3165 quia
569 3084 770 3150 fidelitatem
798 3086 928 3150 fecerat
957 3085 1038 3149 filie
1068 3087 1161 3166 regis
1190 3086 1334 3150 Henrioi
1368 3095 1405 3150 et

457 3183 552 3265 nepti
573 3203 647 3247 snae
664 3204 673 3263 3
697 3185 789 3247 filius
809 3192 925 3248 antem
947 3184 1039 3265 regis
1054 3185 1171 3250 David
1190 3185 1291 3248 homo
1311 3186 1405 3266 regis

456 3281 624 3365 Stephani
645 3283 788 3346 effectus
816 3291 881 3360 est,
901 3291 937 3346 et
962 3283 1057 3348 dedit
1083 3283 1116 3346 ei
1139 3303 1203 3348 rex
1222 3283 1302 3366 jure
1327 3303 1407 3366 per-

458 3386 563 3461 petuo
581 3380 855 3446 Huntendonam
874 3381 917 3445 de
940 3400 977 3444 se
1000 3382 1195 3445 tenendam.
1248 3382 1404 3446 Rediens

457 3498 540 3543 vero
567 3499 631 3542 rex
654 3480 699 3543 ad
726 3481 866 3562 propria
888 3480 1001 3543 tenuit
1022 3481 1154 3544 curiam
1181 3499 1281 3543 suam
1311 3482 1406 3563 apud

458 3577 655 3641 Loudonias
670 3579 706 3641 in
722 3579 942 3642 solemnitate
956 3577 1132 3655 Paschali,
1146 3598 1216 3659 qua
1229 3598 1406 3660 nunquam

456 3675 492 3737 in
522 3674 654 3756 Anglia
682 3676 797 3740 fuerat
827 3677 1050 3758 splendidior,
1083 3685 1156 3742 tam
1184 3678 1221 3739 in
1252 3697 1338 3742 auro
1368 3685 1406 3742 et

492 3886 634 3938 ¹Pcridm
645 3891 758 3953 tempu]
775 3890 918 3939 Wsndover
944 3891 1139 3940 mencenentoi
1151 3891 1204 3940 this
1219 3892 1333 3952 chapter,
1342 3892 1408 3940 with

456 3957 555 4006 follows
582 3959 624 4007 the
651 3959 713 4008 Sax.
745 3958 839 4008 Ohron.
867 3960 917 4008 end
943 3961 1053 4010 anotice
1061 3960 1090 4008 of
1097 3961 1139 4008 the
1147 3960 1282 4010 funeralol
1287 3961 1377 4022 Henry
1385 3962 1409 4011 1.

457 4026 625 4090 Huntingdon
653 4027 679 4074 in
711 4027 814 4089 placing
847 4028 917 4076 these
945 4029 1059 4090 ssgiren
1071 4030 1105 4090 by
1117 4030 1201 4080 Paris.

455 4101 542 4144 events
563 4096 590 4143 in
611 4097 654 4144 the
672 4097 726 4144 first
742 4111 805 4158 year
820 4097 850 4144 oi
864 4098 918 4146 Ste-

456 4164 545 4224 phen’s
562 4165 643 4226 reign,
662 4166 749 4214 unless
766 4181 804 4213 we
821 4165 918 4214 believe
978 4161 1232 4231 westmonast]
1256 4168 1298 4215 On
1310 4167 1353 4216 the
1364 4168 1408 4216 eth

457 4234 511 4281 that
525 4234 567 4282 the
585 4235 666 4282 scribe
685 4234 731 4283 has
749 4226 917 4295 accidentally
943 4232 972 4282 of
986 4235 1133 4297 Februery;
1156 4237 1199 4286 Jo.
1218 4237 1356 4298 Hagustal.
1374 4237 1409 4285 ad
1516 4234 1521 4244 '

456 4302 560 4350 omitted
586 4303 628 4351 the
656 4318 717 4362 year
739 4308 766 4352 at
787 4297 918 4352 the'com-
944 4307 1071 4354 anuto.
