3104 5186
397 641 549 689 ¹neonus
573 642 844 693 nrsronrnnun.
1057 631 1102 694 69

146 797 255 864 millia
283 801 439 883 peditum
473 805 551 865 cum
582 802 757 885 equitibus
787 801 944 868 ducentis
975 823 1097 870 versus
1111 823 1235 864 inim

139 899 306 964 -Nicaeam
329 899 521 977 tendentes,
546 901 591 964 ad
613 901 778 983 oppidum
804 902 989 985 quoddam,
1011 872 1262 985 qrammi..

146 1006 223 1062 tuor
236 999 408 1062 milliariis
426 1018 447 1062 a
466 1000 588 1064 Nicaea
605 1000 750 1078 distans,
760 1008 941 1078 venerunt,
951 1007 987 1065 et
1002 1002 1095 1068 iacto

144 1099 277 1180 impetu
285 1099 880 1180 vehementissimo,repugnantibus
889 1100 1019 1168 ‘acriter
1035 1120 1097 1185 op.

145 1197 283 1278 pidanis
305 1198 366 1261 sed
389 1198 473 1261 nihil
496 1198 768 1280 proficientibus,
791 1197 976 1266 Teutonici
998 1202 1097 1283 oppi-

144 1295 224 1359 dum
243 1296 610 1379 oecupantriolenter'.
659 1296 828 1374 Tandem,
842 1297 1096 1364 habitatoribus

145 1397 304 1459 omnibus
320 1397 535 1478 interemptis
551 1403 587 1460 et
604 1397 775 1460 manubiis
791 1397 925 1460 cunctis
945 1416 1094 1480 occupa·

137 1495 201 1570 -tis,
222 1501 376 1559 castrum
398 1496 569 1572 muniunt,
591 1502 627 1559 et
645 1495 714 1560 loci
735 1495 913 1577 opulentia
931 1497 1034 1560 simul
1059 1505 1094 1562 et

135 1594 349 1656 ,amoenitate
370 1593 531 1658 delectati
553 1613 664 1677 usque
686 1593 730 1657 ad
752 1595 945 1677 principum
962 1596 1092 1661 adven·

144 1698 217 1774 tum
235 1693 285 1755 ibi
305 1711 520 1756 commanere
538 1699 757 1776 proponunt;
783 1694 847 1758 sed
859 1693 1091 1773 Solimannus,

143 1791 296 1872 regionis
318 1791 411 1855 illius
429 1792 600 1869 dominuS,
619 1792 763 1856 audiens
776 1793 869 1874 quod
884 1792 1092 1860 Teutonico-

142 1909 221 1952 rum
233 1909 321 1971 gens
338 1890 502 1973 oppidum
524 1910 627 1954 suum,
644 1898 883 1973 expugnatum
906 1911 1091 1972 praesume-

143 1996 196 2053 ret
226 1990 394 2066 detinere,
418 2009 496 2055 cum
524 1991 618 2054 omni
641 1990 863 2056 festinatione
892 1990 976 2056 illuc
1006 2012 1090 2057 con-

143 2087 267 2166 tendit,
293 2099 330 2153 et
352 2097 503 2152 castrum
516 2089 689 2164 obsidens
705 2089 875 2153 violenter
897 2099 1089 2171 expugnat,

141 2189 302 2262 omnibus
328 2208 416 2271 quos
444 2188 538 2252 intus
569 2187 697 2270 reperit
719 2187 835 2269 gladio
861 2189 1088 2271 interemptis.

132 2287 251 2355 -venit
279 2288 413 2351 interea
443 2307 560 2352 rumor
589 2289 625 2351 in
656 2288 792 2365 castris,
818 2287 1088 2352 Teutonicorum

141 2387 302 2451 cohortes
324 2387 360 2449 in
384 2377 541 2450 manibus
568 2387 760 2450 Solimanni
782 2387 964 2465 incidisse;
996 2386 1088 2451 unde

140 2487 289 2550 veritate
315 2494 503 2568 comperta,
532 2486 783 2551 reluctantibus
813 2487 1014 2570 majoribus,
1044 2487 1087 2551 de

130 2587 296 2648 exercitu
319 2586 363 2649 ad
381 2604 478 2649 arma
499 2587 684 2669 prosiliunt
699 2587 863 2663 universi,
882 2592 918 2649 et
933 2586 1086 2667 peditum

140 2686 285 2766 triginta
299 2685 451 2767 quinque
465 2686 573 2749 millia
588 2705 667 2749 cum
686 2685 859 2767 equitibus
876 2685 1086 2767 quingentis,

139 2785 309 2848 ordinatis
331 2785 537 2866 agminibus,
568 2784 613 2847 ad
639 2791 758 2866 partes
782 2783 922 2848 Nicaeas
945 2790 1087 2850 conten-

129 2883 238 2961 ·dunt,
254 2890 291 2947 et
304 2884 341 2946 in
362 2884 511 2967 quodam
532 2902 655 2965 campo
672 2882 910 2947 Solimannum
932 2902 1011 2947 cum
1031 2883 1085 2946 in·

130 3002 284 3055 numera
301 2981 494 3047 Turcorum
513 2981 732 3046 multitudine
757 2982 970 3046 invenientes
995 2982 1083 3049 irru-

140 3090 200 3146 unt
225 3089 388 3164 potenter
404 3082 441 3144 in
457 3080 594 3162 hostes;
617 3080 677 3143 sed
692 3079 811 3157 Turni,
827 3080 974 3146 scientes
991 3081 1084 3163 quod

139 3200 193 3243 res
206 3200 278 3262 pro,
290 3179 461 3264 capitibus
483 3190 656 3262 ageretur,
671 3180 912 3267 gravissimum
932 3181 1084 3267 peregri·

139 3281 193 3342 nis
222 3279 402 3343 reddidere
427 3279 636 3356 conflictum,
660 3285 706 3356 et,
730 3279 870 3342 tandem
897 3280 1084 3360 oppressis,

139 3373 220 3441 dum
249 3379 385 3462 pondus
416 3379 527 3460 praelii
551 3377 640 3441 ferre
671 3378 802 3442 diutius
824 3395 894 3440 non
918 3377 1084 3455 valerent,

137 3477 256 3559 sugam
282 3480 415 3554 ineunt,
443 3477 637 3558 agminibus
658 3476 848 3553 dissolutio,
874 3495 962 3557 quos
977 3476 1084 3541 Turci

138 3577 264 3658 gladiis
280 3577 500 3658 insequentes
516 3583 667 3657 stragem
685 3594 754 3639 non
765 3575 933 3639 modicam
949 3581 1084 3638 nostra·

139 3677 231 3740 tibus
246 3667 450 3740 intulerunt.
501 3674 708 3738 Ceciderunt
723 3674 772 3738 ibi
786 3676 828 3737 de
844 3674 998 3738 exercitu
1014 3672 1083 3739 Pe-

139 3777 182 3838 tri
196 3777 341 3852 nobileS,
354 3773 556 3838 Gualterius
568 3773 765 3850 Sensavior,
780 3793 859 3837 cum
868 3767 877 3804 ¹
886 3773 1082 3856 Reginaldo

127 3873 179 3937 .de
193 3876 294 3938 Breis
311 3880 347 3937 et
365 3872 536 3936 Fulchero
549 3871 803 3949 Aurelianensi,
820 3879 856 3936 et
873 3872 915 3936 de
938 3873 1084 3954 triginta

138 3973 288 4036 millibus
310 3972 476 4055 peditum,
491 3973 552 4055 qui
575 3971 618 4034 de
637 3971 760 4035 castris
782 3972 911 4053 egressi
933 3972 1084 4051 fuerant,

138 4071 240 4135 simul
264 4078 301 4135 et
323 4072 497 4154 equitibus
521 4071 722 4154 quingentis
746 4071 806 4133 vix
828 4070 889 4134 'vel
912 4091 1003 4134 unns
1025 4092 1084 4136 su-

137 4173 276 4252 perfuit,
294 4173 354 4254 qui
365 4191 535 4236 carcerem
554 4170 716 4235 evaderet
733 4168 790 4233 vel
805 4177 949 4233 mortem
964 4191 973 4249 ;
1005 4189 1084 4233 ecce

138 4272 294 4352 praelium
321 4271 565 4336 inobedientiae
587 4289 692 4353 quem
715 4268 817 4331 finem
842 4266 975 4345 habuit,
1003 4268 1084 4331 dum

173 4475 180 4506 ¹
193 4478 329 4539 Reginoldo
339 4479 369 4526 de
380 4478 477 4541 Baio]
496 4477 639 4530 ‘Ruinaldo
651 4476 683 4525 de
696 4477 770 4526 Breis
779 4478 795 4538 ;'
811 4477 881 4528 Will.
892 4477 952 4539 Tyr.
964 4493 990 4539 p.
1002 4481 1059 4528 647.
