3178 5194
295 744 352 786 Μ).
364 741 420 782 1179.

304 1327 433 1370 coronation

302 1392 315 1420 o
365 1379 388 1419 111

303 1431 357 1479 king
365 1391 410 1469 olm

306 1481 394 1520 Frenee.

316 2820 372 2861 Al).
384 2821 441 2859 ltro.

315 2869 447 2910 conventior

316 2923 411 2960 between

317 2970 398 3010 Frenee
406 2969 448 3009 und

319 3020 424 3069 Englsnd.

454 549 520 612 lor
711 558 846 606 uocum
871 557 918 603 uu
941 554 1150 603 wunuovnn

458 727 558 806 parte
572 716 755 783 defendere
767 717 822 781 vel
838 717 1032 799 approbare
1049 714 1322 797 praesumpserit,
1337 721 1414 777 tan-

460 840 565 905 quam
587 818 771 883 haereticus
797 818 841 880 ab
868 814 1026 879 omuibus
1048 810 1239 877 habeatur?
1269 813 1323 876 De
1349 813 1424 876 hoc:

460 937 554 1003 papa
578 926 614 984 et
641 916 787 982 concilio
815 921 1007 978 memorato
1038 913 1145 977 latius
1173 931 1237 977 suo
1265 913 1351 976 loco'
1364 911 1424 974 di·-

462 1027 570 1085 cetur.

506 1191 598 1267 Quod
609 1189 783 1276 Philippus
797 1195 992 1253 consecratur
1005 1187 1040 1252 in
1055 1207 1153 1272 repent
1169 1186 1378 1250 Frmreorom.

518 1313 649 1380 Eodem
672 1333 764 1379 anno
790 1311 986 1394 Philippus
1009 1310 1101 1374 lilius
1124 1311 1300 1374 Lodowiei
1326 1310 1417 1392 regis

470 1415 695 1492 Francorum,
720 1413 756 1476 in
786 1412 1004 1476 solemnitate
1028 1410 1191 1474 Omnium
1220 1416 1425 1474 sanctorum·

468 1535 533 1598 per.
551 1533 690 1577 manum
704 1511 885 1588 willelmi,
903 1509 1086 1575 Remensis
1108 1509 1368 1592 archiepiscopi,
1382 1510 1426 1573 in:

469 1613 590 1678 eadem
601 1611 743 1676 civitate
754 1617 977 1675 consecratur
986 1610 1023 1672 in
1035 1629 1162 1691 regem,
1177 1604 1291 1691 ¹patre
1306 1608 1419 1672 adhuc

469 1714 609 1777 vivente
636 1717 672 1775 et
697 1717 806 1779 tantae
837 1709 1054 1774 coronationi
1081 1709 1196 1773 omnia
1224 1709 1424 1772 necessaria·

470 1811 700 1894 ministrante.
740 1809 871 1874 Eodem
886 1815 1042 1892 tempore
1057 1807 1313 1884 Cadwallanus,
1329 1807 1431 1890 prin·-

471 1931 553 1994 ceps
568 1910 811 1986 Wallensium,
834 1927 952 1972 coram
978 1927 1058 1991 rege
1072 1906 1267 1990 Anglorum
1290 1914 1422 1971 tractus

471 2013 508 2076 in
531 2015 673 2075 causam
693 2015 729 2073 et
747 2009 935 2073 multorum
958 2007 1106 2090 querelis
1128 2007 1318 2090 impetitus,
1340 2007 1428 2070 dum:

471 2112 537 2175 sub
556 2110 649 2192 regis
664 2109 838 2174 conductu
859 2113 1058 2185 remeasset,
1074 2108 1110 2170 in
1130 2107 1253 2170 itinere
1272 2107 1423 2171 hostium

473 2229 655 2294 perpessus
672 2208 824 2272 insidias
845 2206 1046 2271 interfectus
1068 2213 1122 2270 est
1145 2207 1277 2270 decimo
1303 2204 1423 2270 kalen-⁴

474 2311 537 2374 das
550 2308 730 2390 Octobris,
746 2306 838 2391 quod
857 2305 1041 2389 plurimum
1056 2306 1092 2369 in
1109 2306 1202 2388 regis
1219 2305 1425 2370 redundavit

475 2409 689 2484 scandalum,
711 2408 794 2471 licet
816 2426 886 2470 non
908 2405 1116 2488 deliquerit3
1148 2405 1240 2470 unde
1265 2399 1434 2470 auctores¹

475 2509 579 2573 caedis
594 2508 749 2590 graviter
762 2507 877 2589 puniri
891 2507 1074 2590 praecepit.¹

479 2678 791 2764 Omsodarcllosacla
801 2679 884 2743 inter
897 2632 979 2764 reyes
990 2679 1165 2766 duplorum
1176 2691 1204 2746 ol
1215 2635 1427 2748 Francorum:

528 2800 632 2866 Anno
663 2802 804 2866 Domini
836 2820 1021 2881 ncuxxx,
1051 2804 1285 2870 habitointer
1309 2827 1426 2890 regem

480 2901 693 2966 Francorum
713 2900 925 2984 Philippum,
949 2922 1060 2986 nuper
1081 2911 1292 2982 coronatum,
1314 2913 1350 2970 et
1373 2927 1427 2971 re·

480 3021 558 3084 gem
585 2999 781 3083 Anglorum
813 3001 1017 3079 Henricu'm,
1045 3004 1217 3088 colloquio
1245 3006 1336 3069 inter
1365 3005 1438 3070 Gr-

481 3101 625 3165 sortium
642 3108 677 3164 et
692 3094 842 3178 ²Triam,
858 3102 908 3165 sic
922 3103 1083 3167 convenit
1100 3104 1191 3168 inter
1207 3124 1266 3169 eos
1280 3099 1335 3185 ;‡³‘
1352 3106 1429 3188 Ego
1523 3177 1528 3186 ,

482 3198 678 3283 Philippus,
706 3199 775 3264 Dei
808 3201 923 3283 gratia
952 3221 1015 3265 rex
1049 3203 1274 3283 Francorum,
1300 3212 1335 3269 et
1362 3226 1428 3287 ego

482 3299 670 3376 Henricus,
692 3301 811 3364 eadem
837 3300 952 3383 gratia
971 3321 1035 3366 rex
1057 3301 1264 3386 Anglorum,
1287 3305 1332 3368 ad
1358 3323 1442 3368 orn-'-

483 3401 577 3463 nium
591 3400 751 3464 volumus
768 3400 948 3483 pervenire
965 3402 1138 3478 notitiam,
1157 3404 1249 3486 quod
1265 3404 1379 3467 foedus
1396 3412 1431 3468 et

482 3499 668 3565 amicitiam
691 3499 758 3562 fide
783 3500 897 3564 media
918 3499 1159 3566 innovavimus
1181 3509 1216 3566 et
1238 3522 1433 3567 sacramen-

482 3606 540 3673 to:
564 3606 611 3675 et,
634 3605 674 3662 ut
697 3598 956 3664 omnisamodo
977 3599 1069 3665 inter
1090 3620 1153 3665 uos
1176 3602 1353 3666 auferatur
1375 3622 1431 3666 oc-

520 3809 618 3857 1Ῥιιέιτ
638 3807 716 3856 adhuc
736 3807 864 3870 virente]
891 3806 946 3856 The
969 3809 1014 3858 ber
1030 3810 1109 3860 tothe
1125 3810 1234 3872 chureh;
1255 3811 1388 3875 Heredes,
1405 3825 1432 3874 p.

484 3878 547 3941 king
563 3892 618 3927 was
634 3878 728 3926 unable
744 3881 770 3926 to
787 3878 818 3925 be
835 3881 945 3948 present,
970 3881 1027 3929 592.

483 3948 578 4009 having
588 3949 651 3996 b'een
663 3947 749 3996 seized
761 3946 823 3994 with
840 3960 856 3994 a
872 3961 945 4007 para·
1061 3981 1066 3993 .

483 4019 545 4079 lytic
564 4017 649 4066 attach
669 4032 701 4065 ou
720 4017 760 4065 his
778 4021 864 4064 return
881 4015 943 4064 from
1004 3977 1128 4051 wmm']
1142 3982 1184 4033 ⁰¹¹
1195 3983 1237 4033 the
1248 3984 1308 4034 mh
1318 3985 1397 4036 ΜΘ·

483 4087 622 4149 ΕιιςΙηιιά,,
637 4087 674 4135 nt
684 4086 727 4135 the
737 4087 891 4146 coronation,
902 4085 944 4135 the
1003 4081 1076 4146 ’Ego
1084 4081 1238 4156 Philippus]
1249 4087 1351 4148 Rymer,
1358 4087 1433 4138 Foed.

482 4171 568 4219 young
589 4157 653 4218 king
675 4156 763 4217 Henry
785 4155 893 4215 carried,
914 4169 944 4204 as
968 4154 986 4204 i.
1003 4168 1030 4215 p.
1047 4158 1097 4215 ⁵s;
1113 4154 1156 4204 the
1172 4159 1226 4205 text
1243 4157 1266 4206 is
1283 4171 1315 4205 an
1332 4158 1435 4220 abridg·

481 4226 552 4276 duke
568 4225 772 4287 ol'Normandy,
789 4225 832 4275 the
852 4223 943 4287 golden
967 4227 1036 4272 ment
1046 4225 1105 4287 only
1116 4224 1146 4274 ol
1152 4225 1200 4274 the-
1206 4225 1313 4288 original
1326 4242 1433 4288 conven-

481 4311 567 4347 crown
584 4295 646 4345 from
660 4295 704 4344 the
721 4309 841 4358 presence
859 4294 944 4344 cham·
967 4295 1028 4343 tion.
