3190 5202
482 531 526 598 68
739 549 873 599 nodum
896 549 944 597 us
966 547 1181 598 wssuovsu·

325 724 380 764 nn.
391 725 447 764 1⁰⁹⁶·
482 705 709 772 vindicarent.
761 705 871 770 Erant
893 710 1009 770 autem
1031 701 1098 768 viri
1120 702 1220 788 quasi
1242 703 1348 782 mille,
1371 707 1431 788 qni

486 805 530 869 ad
557 805 646 869 hanc
674 812 904 889 proruperant
925 805 1168 881 temeritatem,
1196 811 1320 868 contra
1346 823 1435 886 quos

485 905 625 987 quidam
656 925 701 970 ex
726 905 868 969 urbanis
896 903 1028 986 egressi
1054 903 1182 967 bellum
1205 904 1329 986 ingens
1355 922 1435 966 cum

486 1005 699 1068 nostretibus
722 1004 987 1082 commiserunt;
1010 1001 1132 1066 deinde
1153 1003 1258 1079 cives,
1273 1004 1437 1066 reseratis

483 1103 597 1168 valvis
616 1103 759 1185 egressi,
779 1102 987 1185 quingentos
1008 1121 1053 1164 ex
1073 1101 1201 1165 nostris
1220 1120 1324 1183 super
1345 1121 1435 1183 pon-

485 1208 553 1266 tem
567 1209 797 1285 peremerunt,
812 1201 952 1283 reliquis
969 1219 1069 1283 paene
1084 1201 1255 1276 omnibus,
1268 1199 1351 1263 dum
1366 1201 1432 1263 flu-

485 1301 588 1379 minis
602 1301 694 1366 vada
715 1301 897 1377 nescirent,
914 1299 1112 1363 submersis.
1164 1299 1350 1363 Exercitus
1372 1295 1445 1362 err·¹

485 1406 555 1462 tem
580 1399 689 1476 Petri,
710 1399 845 1464 tantem
866 1401 1006 1463 suorum
1030 1417 1100 1462 non
1122 1397 1235 1461 serens
1257 1396 1443 1481 injuriam,

486 1499 533 1561 ad
546 1499 642 1562 arma
656 1498 854 1574 convolant,
868 1505 915 1575 et,
927 1496 1192 1578 confligentibus
1209 1497 1299 1560 inter
1315 1516 1354 1562 se
1371 1515 1434 1578 ag·

486 1597 648 1673 minibus,
673 1597 868 1662 ceciderunt
894 1616 942 1660 ex
973 1595 1163 1678 peregrinis
1187 1597 1288 1677 quasi
1315 1595 1447 1660 decem‘

486 1694 595 1764 millia
608 1695 771 1774 virorum,
787 1695 822 1760 e't
838 1694 935 1759 Petri
952 1695 1143 1759 Heremitoe
1157 1695 1303 1776 pecunia
1318 1702 1395 1759 tota
1412 1714 1434 1758 e

487 1794 650 1875 Bulgaris
667 1797 770 1877 capta
788 1802 854 1872 est,
869 1795 1004 1858 'retento
1018 1794 1093 1877 ejus
1110 1793 1218 1856 curru'
1229 1812 1307 1857 cum
1323 1795 1434 1858 omni-

486 1893 551 1956 bus
575 1913 653 1975 quae
679 1893 848 1973 hebebat3
871 1893 926 1957 die
947 1899 1063 1956 autem
1083 1898 1220 1975 quarto,
1241 1893 1434 1957 recollectis

486 1991 583 2070 viris,
600 1993 659 2075 qui
674 1993 821 2076 dispersi
839 1992 938 2057 erant
958 2011 1021 2076 per
1037 1991 1167 2072 sugam,
1182 1992 1283 2073 quasi
1305 1991 1350 2056 ad
1374 1993 1448 2057 tri-³

486 2091 585 2172 ginta
602 2091 722 2170 millia,
740 2111 858 2156 rursus
883 2111 920 2154 se
937 2091 981 2155 ad
1000 2091 1069 2155 iter
1083 2089 1315 2172 accingentes,
1328 2092 1435 2169 viem,

485 2189 567 2254 licet
581 2210 659 2254 cum
673 2210 801 2273 magna
813 2189 1030 2266 difficultate,
1039 2188 1256 2266 continuent,
1272 2186 1306 2254 et
1321 2198 1437 2255 matu-

485 2295 563 2352 rato
585 2291 710 2354 itinere
733 2288 1070 2371 Constantinopolim
1091 2293 1344 2370 pervenerunt;
1375 2291 1436 2353 ubi

487 2384 615 2451 Petrus
630 2388 847 2470 imperatoris
867 2386 1038 2470 colloquio
1055 2387 1176 2463 fretus,
1192 2407 1270 2452 cum
1284 2405 1346 2470 per
1361 2388 1452 2452 dies·
1578 2391 1579 2412 ¹

488 2485 623 2567 aliquot
644 2487 834 2550 exercitum
857 2485 981 2549 ibidem
1002 2492 1204 2563 recreasset,
1220 2505 1265 2550 ex
1285 2487 1449 2568 impera:

488 2584 574 2647 toris
602 2583 779 2662 mandeto,
802 2585 951 2649 transito
976 2583 1219 2668 Hellesponto,
1245 2585 1282 2649 in
1310 2583 1450 2669 Bithy-1

488 2683 593 2761 niam,
613 2704 690 2767 quae
713 2685 825 2767 prime
846 2690 899 2748 est
918 2681 1014 2747 Asiae
1039 2683 1230 2765 provincia,
1249 2683 1450 2749 descende·
1534 2724 1537 2730 ·

487 2789 591 2862 runt;
616 2783 739 2848 deinde
763 2784 808 2848 ed
831 2782 946 2846 locum
968 2801 1075 2866 supra
1090 2782 1181 2846 idem
1199 2783 1298 2847 'mare
1318 2783 1437 2862 situm,

488 2881 545 2943 cui
561 2883 698 2948 nomine
712 2880 880 2959 cinitoth,
896 2882 1085 2960 venientes,
1100 2882 1337 2948 castrametati
1353 2891 1437 2948 sunt

488 2979 626 3045 ibidem.

503 3213 508 3218 .
554 3152 604 3217 Dc
617 3153 746 3218 interito
759 3154 893 3239 triginta
909 3153 1046 3220 millium
1062 3156 1364 3242 crucesignatorum.
1385 3175 1387 3180 ·
1448 3205 1450 3214 ,

392 3303 437 3343 oo
541 3276 627 3341 Erat
655 3284 772 3340 autem
795 3275 893 3340 locus
918 3277 976 3340 ille
1001 3277 1036 3339 in
1067 3277 1215 3340 confinio
1241 3277 1436 3342 Turcorum

447 3353 477 3384 ‘¹'
489 3376 634 3459 positus,
659 3394 773 3440 rerum
797 3376 949 3440 omnium
974 3381 1010 3439 et
1035 3375 1208 3457 praecipue
1233 3375 1436 3441 victualium

489 3475 699 3558 opulentus3
728 3493 875 3556 cumque
905 3473 1033 3538 ibidem
1056 3474 1156 3556 quasi
1182 3473 1316 3538 duobus
1339 3493 1438 3539 mena

487 3576 583 3638 sibus
607 3574 819 3638 consedisset
841 3573 1026 3649 exercitus,
1051 3580 1231 3655 coeperunt
1248 3573 1364 3638 Latini
1391 3575 1437 3638 ad

487 3674 604 3738 decem
632 3673 740 3736 millia
765 3670 918 3736 virorum
949 3671 1125 3752 regionem
1156 3671 1367 3754 perlustrare
1400 3681 1437 3738 et

487 3791 611 3854 greges
632 3771 764 3853 pariter
779 3769 981 3834 contrahere
998 3777 1034 3834 et
1053 3778 1221 3848 armenta,
1237 3777 1343 3854 atque
1358 3791 1438 3835 ver·

486 3889 546 3935 sus
565 3869 723 3935 Nicaeam
739 3868 857 3933 urbem
885 3869 1053 3932 ordinatis
1069 3869 1264 3950 agminibus
1278 3870 1437 3953 profecti,

485 3971 564 4034 cum
584 3969 703 4051 preeda
717 3963 881 4045 inanima,
899 3968 974 4030 sine
995 3986 1135 4031 suorum
1153 3968 1333 4050 dispendio
1353 3977 1437 4034 sunt

485 4069 625 4134 reversi.
679 4065 790 4131 Porro
812 4065 1009 4144 Teutonici,
1026 4065 1183 4132 videntes
1204 4068 1298 4149 quod
1319 4067 1356 4130 in
1373 4068 1455 4136 illo⁴

485 4163 625 4248 negotio
649 4164 783 4229 Latinis
805 4183 968 4247 prospere
989 4165 1185 4243 accidisset,
1208 4166 1436 4231 decreverunt

485 4271 521 4327 et
540 4264 606 4346 ipsi
622 4263 733 4336 simile
750 4263 881 4346 aliquid
901 4264 1095 4344 attentare3
1111 4265 1203 4330 unde
1220 4266 1265 4330 ad
1283 4266 1435 4350 [decem]
