3190 5202
429 748 570 795 rnonns
592 747 862 796 ursronmnuu.
1073 733 1118 798 37

166 901 375 980 Lanfranc'o,
405 923 467 967 rex
493 903 690 967 Willelmus
722 905 886 968 ecclesias
915 911 951 968 et
979 910 1116 970 monas·
1130 925 1253 964 aaron.

165 1001 253 1066 teria
273 1001 345 1065 fere
362 1002 469 1066 totius
483 1001 622 1083 Angliae
645 1004 681 1065 in
704 1023 808 1066 manu
830 1023 905 1080 sua,
921 1007 1117 1086 pastoribus

166 1098 350 1178 defunctis,
381 1103 545 1178 retinens,
573 1103 673 1182 gravi
705 1104 821 1165 omnia
849 1103 1117 1185 depopulatione

165 1201 327 1264 vastabat
345 1208 381 1265 et
395 1199 439 1264 ad
455 1203 589 1264 firmam
606 1201 704 1265 laicis
718 1201 993 1266 commendabat.

199 1372 287 1452 Quod
302 1394 355 1437 rec
377 1372 550 1437 Willclmas
563 1383 590 1437 et
604 1373 669 1438 doc
681 1372 831 1438 liebertus
847 1375 881 1438 ia
895 1375 1090 1440 concordium

539 1482 751 1537 conuenerant.

216 1594 320 1658 Anno
336 1596 477 1659 Domini
489 1613 580 1660 ch.
598 1617 661 1660 rex
676 1590 889 1660 ¹Willelmus
905 1608 1027 1662 eontra
1045 1597 1118 1660 Ro·
1130 1617 1269 1706 piparas&

166 1695 301 1757 bertum
316 1694 458 1758 fratrem
472 1714 573 1758 suum
589 1695 624 1758 N
626 1714 870 1760 ormannorum
885 1696 1006 1759 ducem
1021 1716 1118 1759 arma
1130 1721 1199 1755 twa„
1208 1715 1260 1754 wn-

1130 1767 1182 1805 ltam
1191 1767 1234 1804 and
1327 1791 1332 1799 -

166 1809 321 1870 morena,
346 1794 490 1858 castella
513 1795 625 1857 sancti
647 1794 812 1858 Walerici
836 1802 872 1858 et
895 1794 1118 1858 Albemarliae
1131 1815 1244 1854 muna

166 1893 270 1973 cepit,
285 1893 355 1974 qui,
372 1893 499 1956 milites
515 1912 597 1956 snos
613 1894 813 1970 immittens,
832 1895 1032 1958 comburere
1048 1905 1117 1959 ter·
1131 1865 1261 1913 mmm

167 2011 242 2054 ram
263 1991 451 2055 fraternam
474 1999 509 2054 et
528 1993 678 2074 praedari
699 1994 826 2075 eoepit;
852 1993 924 2069 sed,
941 2013 1030 2056 anno
1047 1993 1117 2059 fere

167 2090 298 2172 elapso,
320 2091 462 2154 solertia
487 2092 674 2155 amicorum
696 2093 732 2154 in
748 2091 973 2155 concordiam
991 2112 1117 2157 conve·

167 2193 306 2267 nerunt,
317 2209 357 2253 eo
373 2190 506 2254 scilicet
519 2197 634 2273 pacto,
647 2197 688 2254 ut
701 2198 817 2255 eastra
830 2191 903 2266 illa,
918 2210 996 2274 quae
1010 2190 1119 2255 frater

167 2289 213 2350 ab
230 2288 291 2352 illo
307 2289 531 2373 adquisierat,
547 2290 621 2371 regi
639 2296 869 2365 remanerent,
883 2296 919 2352 et
934 2309 997 2352 rex
1015 2289 1116 2372 adju-.

167 2394 268 2450 varet
289 2407 366 2450 eum
391 2389 435 2452 ad
468 2390 583 2453 omnia
607 2409 685 2471 quae
720 2395 821 2470 pater
843 2388 918 2470 ejus
949 2388 1118 2454 habuerat

167 2494 298 2568 praeter
319 2486 485 2569 Angliam
507 2489 763 2572 conquirenda;
789 2494 987 2553 statuerunt
1013 2488 1117 2551 etiam

166 2593 219 2663 ut,
252 2587 282 2650 si
305 2588 383 2669 quis
407 2607 525 2651 eorum
550 2590 647 2670 prius
674 2588 786 2651 obiret
809 2589 939 2669 absque
969 2586 1118 2665 haerede,

166 2693 344 2767 superstes
364 2688 462 2750 fieret
484 2687 595 2750 haeres
613 2687 730 2767 illius3
754 2687 845 2769 quod
863 2695 1003 2768 pactum
1018 2688 1117 2770 jura·

167 2792 294 2848 verunt
325 2785 504 2849 duodecim
536 2786 708 2868 principes
734 2787 809 2848 vice
838 2785 941 2866 regis,
969 2794 1004 2849 et
1031 2787 1117 2850 duo·

167 2885 279 2948 decim
307 2887 455 2949 barones
478 2886 553 2950 vic'e
575 2885 684 2948 ducis
736 2885 816 2948 Rex
836 2885 970 2948 interea
995 2885 1117 2949 Scoto-

166 3003 244 3046 rum
261 2983 469 3049 Malcolmus
489 2985 524 3048 in
540 2983 673 3066 Anglia
694 2983 831 3066 praedas
855 3002 962 3066 agens
977 2983 1117 3049 validis·

167 3084 254 3147 sime
280 3103 355 3147 eam
372 3086 537 3163 vexavit;
563 3085 741 3148 venientes
766 3083 874 3165 igitur
899 3104 961 3146 rex
986 3091 1021 3146 et
1046 3082 1117 3146 fra·

166 3191 221 3247 ter
243 3183 318 3266 ejus
342 3183 517 3247 Robertus
533 3184 569 3246 iu
585 3182 749 3265 Angliam
773 3184 864 3246 acies
886 3181 1060 3246 duxerunt
1081 3182 1117 3244 in

167 3281 333 3357 Scotiam‚
351 3283 442 3348 unde
463 3282 671 3347 Malcolmus
689 3283 795 3346 nimio
818 3288 949 3345 terrore
977 3300 1117 3362 percus·

167 3399 228 3444 sus
252 3380 449 3462 homagium
481 3383 556 3462 regi
582 3382 661 3446 fecit
688 3380 881 3461 Anglorum
913 3387 949 3444 et
972 3380 1117 3443 fidelitas

167 3487 238 3542 tem
263 3479 409 3562 juravit.
462 3481 638 3545 Robertus
671 3487 787 3544 autem
818 3479 903 3554 dux,
934 3499 1013 3542 cum
1035 3498 1117 3559 rege

165 3577 275 3642 fratre
297 3578 449 3643 diutinas
474 3587 614 3644 nectens
639 3599 766 3656 moras,
794 3578 934 3648 tandem
959 3579 996 3640 in
1022 3577 1117 3641 Nor·

168 3678 344 3740 manniam
366 3677 615 3742 transfretavit.

294 3849 524 3936 Depradeotio
538 3849 714 3927 Mateolani,
728 3850 806 3934 repis
821 3849 988 3912 Scotorum.

220 3968 412 4051 Quoniam²
429 3973 472 4036 de
498 3994 580 4057 rege
606 3973 793 4038 Malcolmo
811 3971 954 4036 lecimus
973 3972 1116 4036 mentio·
1131 3997 1231 4058 numm

167 4093 261 4151 nem,
289 4074 388 4156 cujus
411 4080 503 4138 esset
521 4075 628 4138 animi
649 4080 684 4137 et
708 4072 899 4148 modestiae,
916 4072 1035 4153 paucis
1058 4047 1238 4138 err-libitia.

204 4251 212 4282 ¹
229 4254 368 4303 Willelmua
381 4257 463 4301 contra
479 4251 633 4314 liebertum]
692 4246 837 4306 ς(ὶιιοηίαηι
851 4251 880 4298 de
899 4263 956 4310 rege
971 4246 1121 4308 Materiam]

170 4323 296 4384 Compare
313 4321 355 4370 the
367 4321 497 4383 following
514 4324 634 4371 accounts
657 4320 711 4369 The
722 4320 852 4381 following
868 4318 989 4367 anecdota
1006 4318 1029 4365 is
1048 4320 1073 4364 to
1090 4315 1121 4364 be

170 4394 233 4441 witb
258 4392 379 4440 Florence
401 4391 451 4440 and
480 4391 523 4440 tbe
550 4392 634 4440 saxon
658 4390 737 4439 found
748 4385 1124 4448 alsoinAilredofRievanlx,

171 4461 316 4524 Gbronicle,
337 4461 389 4510 aud
406 4461 546 4511 ordericus
563 4461 635 4509 Vita·
660 4460 762 4522 Scriptt.
775 4458 970 4510 becconem.

170 4531 210 4595 lis,
220 4547 247 4595 p.
260 4535 318 4581 692.
