3178 5194
446 545 515 611 416
704 561 840 610 nonani
864 561 1142 610 nnwssnovnn

283 738 338 778 an·
352 738 407 778 ¹¹⁸⁴·
446 716 647 788 Heraclius¹
666 722 865 807 patriarcha
880 721 1030 787 officium
1047 722 1233 804 legationis
1252 731 1396 804 rogatus

445 825 611 906 suscepit,
627 825 699 906 qui,
715 823 881 907 adjuncto
897 823 963 886 sihi
977 823 1145 903 magistro
1162 822 1344 905 hospitalis
1361 831 1396 887 et

445 924 652 1007 quibusdam
677 923 768 1000 aliis,
787 922 1079 986 Mediterraneum
1101 941 1196 986 mare
1220 923 1394 999 transivit,

445 1031 481 1087 et
507 1023 656 1086 Romam
678 1041 789 1104 usque
815 1022 1021 1104 perveniens
1050 1020 1094 1084 ad
1119 1041 1235 1104 regem
1262 1021 1397 1102 Anglo·

444 1142 521 1186 rum
536 1123 655 1186 literas
672 1141 694 1186 a
710 1141 802 1204 papa
818 1121 926 1185 Lucio
941 1121 1156 1203 precatorias,
1171 1122 1399 1204 impetravit.

472 1294 561 1375 Quod
571 1247 738 1360 heraclius
747 1294 939 1380 patriarcha
952 1295 988 1359 ia
1003 1292 1157 1380 Anpliam
1174 1295 1293 1358 amicas
1309 1263 1375 1380 rapi
1391 1343 1395 1350 c

620 1395 789 1459 alemanam
803 1394 840 1458 da
852 1416 882 1459 se
890 1395 1019 1479 factam
1029 1392 1219 1478 publicavit.

283 1536 406 1636 &maja
496 1516 600 1582 Anno
617 1518 971 1584 Dominimcuxxxv.
983 1517 1182 1596 Heraclius,
1197 1518 1397 1600 patriarcha

282 1637 384 1726 mn
408 1657 416 1668 ·
444 1617 872 1695 sanctae‘resurrectionis,
895 1617 1110 1682 et'dominns
1128 1618 1301 1699 Rogerus,
1319 1633 1395 1680 ma-z·

283 1736 364 1786 nturi.
444 1717 558 1798 gister
569 1716 751 1799 hospitalis
766 1716 889 1780 domus
911 1715 1143 1795 Hierusalem,
1165 1716 1396 1781 veneruntad

442 1835 559 1904 regem
578 1814 718 1897 Angliae
742 1815 935 1880 Henricum
959 1817 1051 1899 apud
1077 1817 1295 1898 Reding'um3
1319 1818 1398 1898 qui,

443 1935 521 1979 cum
553 1914 607 1979 sui
634 1915 768 1980 itineris
799 1935 924 1980 causas
949 1936 1027 1980 cum
1055 1915 1165 1979 literis
1191 1917 1392 1998 apostolicis

443 2016 698 2097 exposuissent,
735 2023 866 2080 sanctae
907 2015 1059 2080 civitatis
1104 2014 1335 2079 Hierusalem
1359 2024 1393 2079 et

443 2121 544 2178 terrae
577 2115 815 2198 promissionis
851 2114 1100 2179 desolationem
1140 2136 1202 2198 per
1239 2115 1394 2178 ordinem

442 2221 676 2291 enarrassent,
689 2218 805 2297 regem
822 2222 858 2278 et
872 2230 1007 2278 omnem
1029 2215 1299 2292 multitudinem,
1313 2235 1391 2297 quae

443 2320 664 2390 convenerat,
690 2315 726 2378 in
755 2313 950 2397 lachrymas
981 2319 1017 2377 et
1046 2314 1196 2396 suspiria
1224 2333 1392 2396 provoca-

442 2421 547 2494 runt3
587 2413 787 2478 deferebant
811 2415 908 2478 ‘enim
935 2413 979 2477 ad
1013 2433 1130 2494 regem
1158 2414 1397 2477 memorabilia·

443 2532 517 2576 suae
549 2514 726 2596 petitionis
758 2514 870 2594 signa,
903 2513 1099 2577 nativitatis
1128 2512 1151 2576 J
1155 2533 1217 2576 esu
1250 2512 1392 2602 Christi,

444 2597 634 2694 passionis,
648 2613 921 2690 resurrectionis,
938 2612 1044 2676 turris
1060 2612 1188 2690 David,
1212 2615 1392 2696 sanctique

444 2711 630 2793 sepulchri.
643 2713 758 2776 claves
783 2719 819 2776 et
842 2712 1008 2776 vexillum
1034 2713 1145 2794 regni,
1172 2727 1258 2795 quae‘
1276 2713 1391 2776 omnia

443 2830 506 2874 rex
524 2830 593 2874 non
608 2811 825 2876 mediocriter
841 2811 1035 2876 honoravit.
1089 2812 1216 2876 Literae
1231 2831 1312 2876 vero
1328 2811 1390 2875 do-

442 2909 527 2974 mini
540 2929 647 2994 papae.
659 2911 733 2973 haec
748 2910 839 2974 inter
856 2918 983 2975 caetera
997 2911 1238 2993 continebant;

551 3085 696 3172 Epistola
711 3086 807 3150 Lucii
814 3108 910 3172 pape
924 3086 969 3151 aa
983 3108 1079 3172 rapam
1093 3086 1278 3172 duplorum.

280 3225 384 3265 naara
492 3203 662 3273 ‘Lucius²
681 3210 877 3294 episcopus,
900 3217 1023 3275 servus
1049 3230 1227 3275 servorum
1250 3207 1330 3283 Dei,
1356 3199 1415 3269 et*
1496 3297 1500 3305 Ι

278 3275 390 3375 flllllfm
442 3311 578 3374 caeteia.
631 3309 720 3374 Cum
738 3311 853 3375 cuncti
867 3310 1138 3393 praedecessores
1157 3310 1208 3374 tni
1230 3327 1302 3391 prae
1325 3322 1393 3370 cae-

409 3477 412 3482 ,
441 3409 526 3473 teris
550 3417 650 3474 terrae
671 3409 883 3492 principibus
909 3409 1082 3474 armorum
1107 3409 1218 3491 gloria
1234 3415 1269 3473 et
1284 3406 1392 3471 animi

442 3509 622 3588 nobilitate
648 3509 753 3590 longe
778 3515 872 3573 retro
892 3510 1102 3586 claruerunt,
1129 3527 1258 3591 cosque
1281 3505 1391 3570 fideli-

441 3627 499 3670 um
526 3609 674 3691 populus
699 3608 825 3672 hahere
849 3610 885 3672 in
909 3613 975 3673 sua
998 3608 1155 3673 didicerit
1177 3606 1389 3672 adversitate

441 3715 619 3788 patronos,
644 3709 767 3772 merito
792 3708 842 3790 ad
870 3716 916 3786 te,
943 3727 1012 3771 uon
1043 3715 1178 3772 tantum
1205 3706 1303 3787 regni
1329 3703 1390 3767 sed

351 3801 353 3808 ’
440 3813 662 3887 paternarum
687 3806 857 3871 haeredem
882 3797 1063 3886 virtutum,
1086 3807 1237 3890 quadam
1260 3805 1391 3869 securi-

476 4002 630 4055 ¹Heroclins
644 4007 903 4071 patriarcao.]1tnp-
927 4010 964 4059 iii.
983 4008 996 4075 ξ
1017 4013 1056 4059 1⁰.
1108 4009 1184 4072 Pagi,
1201 4008 1299 4058 adan.
1317 4011 1392 4070 1185,

441 4089 516 4136 pears
535 4076 589 4125 thut
611 4077 748 4139 Ernoldus,
765 4082 858 4127 master
877 4079 906 4127 oi
926 4077 975 4144 ξ7,
986 4094 1050 4143 seqq.

440 4144 483 4193 the
498 4145 640 4208 Templars,
655 4146 706 4194 had
728 4149 783 4196 also
805 4163 902 4197 accom-
961 4146 1093 4211 'haslud
1117 4147 1172 4197 'l'he
1191 4147 1265 4196 letter
1283 4162 1342 4208 may
1360 4147 1391 4194 he

440 4215 534 4274 pauied
548 4215 626 4277 them,
643 4217 690 4265 hut
705 4216 767 4266 died
784 4223 811 4266 at
825 4219 903 4267 Vero·
926 4231 987 4269 seen
1003 4223 1030 4267 at
1046 4218 1133 4281 length
1149 4218 1176 4266 in
1193 4217 1329 4278 Hoveden,
1340 4216 1391 4264 and

439 4297 492 4343 ηας
517 4284 650 4346 Hoveden,
667 4300 693 4345 p.
709 4290 778 4346 6283
801 4287 902 4350 Diceto,
927 4287 1213 4350 Newbnrgh,iii.§12.
1241 4287 1273 4335 In
1284 4287 1327 4335 the
1338 4290 1393 4335 text

439 4352 488 4402 col.
507 4357 565 4403 02⁶.
601 4353 724 4415 Compare
743 4357 902 4420 Newburgh,
926 4358 946 4405 it
958 4360 981 4408 is
992 4358 1067 4408 much
1079 4357 1212 4418 uhridged.
