3144 5180
463 519 529 583 316
713 533 849 592 aoenm
871 535 919 580 na
939 535 1149 585 wauoovnu

302 709 425 798 ssgssgssssffi·
464 711 560 755 meus
578 691 673 768 estis,
691 697 764 755 tum
788 689 871 772 quia
892 693 956 770 rein
978 708 1087 766 mous,
1113 696 1187 752 tum
1211 690 1294 771 quia
1319 690 1414 754 iilius

304 789 413 848 ornam
463 809 560 854 mens
594 789 807 872 spiritualis3
844 789 881 852 in
911 807 953 852 eo
983 787 1076 871 quod
1108 788 1279 866 dominns,
1303 790 1415 854 debeo

304 859 429 899 ”mmm
464 897 500 953 et
525 889 631 952 offero
658 889 757 952 vobis
781 887 964 952 consilinm
996 906 1122 964 meum,
1147 907 1188 951 eo
1214 888 1305 969 quod
1335 908 1413 964 rex,

463 995 585 1053 teneor
600 987 699 1051 vobis
719 987 764 1050 ad
790 985 1019 1062 reverentiam
1037 994 1077 1049 ,et
1092 987 1415 1064 commonitionem,

464 1087 624 1169 eoquod
655 1086 758 1162 filius,
787 1086 921 1150 ratione
947 1083 1049 1148 officii
1075 1085 1120 1147 ad
1148 1085 1413 1166 castigationem

460 1192 501 1256 ,et
524 1185 809 1249 cohortationem.
863 1183 1085 1264 Inungnntur
1109 1201 1207 1264 reges
1228 1183 1414 1264 incapite,

464 1285 500 1347 in
520 1292 672 1366 pectore,
691 1284 728 1345 in
750 1281 912 1358 brachiis,
934 1282 1027 1364 quod
1053 1281 1227 1363 significat
1252 1281 1414 1363 gloriam,

464 1384 683 1447 sanctitatem
711 1388 747 1445 et
773 1380 1029 1459 fortitudinem
1063 1381 1215 1462 regibus,
1240 1382 1300 1462 qui
1324 1388 1415 1444 tem-

464 1481 605 1564 poribus
634 1481 786 1562 antiquis
817 1478 1086 1563 justificationes
1112 1478 1180 1542 Dei
1202 1498 1272 1541 non
1292 1481 1414 1543 obser-

464 1580 595 1642 vabant
620 1586 656 1643 et
683 1577 902 1661 praevaricati
929 1585 1011 1644 sunt
1039 1578 1203 1640 mandata
1234 1577 1323 1659 ejus,
1356 1576 1413 1640 bis

465 1676 603 1741 sublata
624 1685 679 1741 est
703 1677 826 1759 gloria,
849 1677 1016 1740 sanctitas
1036 1683 1072 1740 et
1093 1675 1272 1753 fortitudo,
1292 1693 1415 1738 exem—

464 1775 524 1858 plo
551 1775 667 1839 Saulis
697 1782 733 1839 et
761 1774 968 1852 Salomonis,
1000 1775 1060 1856 qui
1089 1792 1171 1838 vero
1198 1781 1278 1855 post
1304 1773 1416 1838 delic-

466 1882 538 1938 tum
567 1874 836 1939 humiliaverunt
863 1893 900 1938 se
929 1873 1093 1949 Domino,
1119 1873 1173 1936 his
1202 1872 1270 1936 Dei
1295 1871 1414 1954 gratia

466 1973 624 2050 accessit,
649 1973 741 2037 sicut
767 1972 910 2056 Davidi,
938 1971 1095 2035 Ezechiae
1121 1977 1157 2034 et
1187 1970 1265 2034 aliis
1290 1991 1412 2055 quam-

465 2071 640 2152 pluribus
695 2069 839 2148 Audiat,
870 2071 900 2134 si
931 2070 1079 2152 placeat,
1116 2070 1274 2133 dominus
1295 2089 1414 2134 ,meus

466 2171 647 2236 consilium
665 2172 756 2234 servi
772 2170 837 2246 sui,
849 2169 1157 2233 *commonitionem
1173 2167 1326 2250 episcopi
1341 2169 1413 2245 sui,

467 2269 730 2350 castigationem
761 2267 871 2350 patris
901 2268 965 2344 sui,
1002 2287 1045 2331 ne
1076 2286 1154 2329 cum
1184 2267 1415 2330 schismaticis

466 2367 593 2432 habeat
620 2367 663 2430 de
699 2374 825 2431 caetero
861 2367 1013 2447 aliquam
1052 2365 1321 2428 familiaritatem
1355 2366 1415 2429 vel

467 2467 752 2542 communionem,
776 2484 839 2528 nec
866 2463 1050 2527 contrahat
1076 2463 1207 2544 aliquid
1235 2483 1315 2527 cum
1338 2464 1412 2543 eis;

467 2581 702 2646 memoresque
728 2565 804 2628 sitis
831 2562 1066 2646 professionis,
1091 2580 1196 2643 quam
1222 2561 1353 2626 fecistis
1375 2570 1415 2626 et

468 2662 632 2743 posuistis
672 2663 835 2745 scriptam
875 2681 978 2744 super
1008 2660 1130 2737 altare,
1167 2659 1210 2723 de
1239 2661 1415 2725 servanda

469 2759 622 2824 ecclesiae
650 2761 718 2823 Dei
744 2760 903 2823 libertate
928 2758 1067 2840 qnando
1093 2758 1129 2820 in
1156 2777 1273 2838 regem
1293 2778 1416 2822 conse-

468 2859 556 2921 crati
570 2857 697 2921 fuistis.
749 2858 940 2921 Ecclesiam
957 2858 1062 2920 etiam
1076 2855 1372 2935 Cantuariensem,
1390 2877 1416 2920 a

468 2974 538 3039 qua
561 2955 810 3038 promotionem
833 2955 1028 3038 accepistis,
1052 2956 1089 3017 in
1106 2975 1184 3018 eum
1206 2963 1335 3020 statum
1359 2975 1416 3018 re-

468 3055 621 3118 stituatis
638 3063 673 3118 et
688 3054 906 3135 dignitatem,
923 3055 960 3117 in
978 3054 1103 3135 quibus
1118 3052 1184 3117 fuit
1200 3055 1415 3136 temporibus

468 3153 760 3235 praedecessorum
787 3159 981 3216 vestrorum
1012 3158 1047 3215 et
1078 3157 1294 3232 nostrorum,
1327 3152 1417 3215 alio·

467 3252 551 3334 quin
573 3272 636 3334 pro
652 3258 746 3315 certo
763 3251 894 3328 sciatis,
910 3249 1001 3332 quod
1025 3249 1174 3315 divinam
1193 3251 1417 3314 severitatem

468 3357 503 3417 et
518 3351 684 3414 ultionem
699 3349 878 3414 sentietis!

507 3524 595 3603 Quod
610 3522 713 3587 beatae
723 3521 859 3602 ¹Thoracis
872 3518 1019 3604 phamas
1033 3516 1200 3582 habebatur
1216 3526 1377 3602 suspectas.

307 3670 447 3718 resumpt
520 3646 649 3709 Eodem
670 3664 761 3708 anuo
783 3641 991 3723 suffraganei
1014 3640 1275 3704 Cantuariensis
1303 3639 1419 3702 eccle-

308 3720 435 3759 dissatisded
489 3744 496 3759 .
605 3745 612 3759 .
702 3744 709 3758 .
934 3741 940 3754 ·

308 3769 456 3808 attineret.
469 3764 530 3807 srae
558 3762 724 3827 ep1scop1,
755 3760 832 3804 cum
863 3740 1040 3803 audissent
1069 3739 1209 3803 beatum
1232 3737 1419 3814 Thomam,

470 3841 756 3924 Cantuariensem
790 3838 1095 3920 archiepiscopum,
1127 3835 1418 3900 consuetudinum

470 3941 569 4021 regni
587 3939 725 4020 Angliae
746 3938 940 4019 iniquarum
968 3938 1208 4001 observatores
1234 3953 1275 3997 ac
1298 3933 1423 3996 desen.

469 4057 565 4102 sores
587 4035 951 4103 excommunicationis
974 4034 1146 4098 sententia
1167 4032 1364 4108 innodasse,
1381 4031 1422 4095 in

469 4156 539 4218 qua
562 4142 632 4199 tam
655 4137 749 4218 ipsos
766 4133 980 4214 generaliter,
990 4151 1093 4215 quam
1109 4131 1282 4195 dominum
1298 4149 1422 4211 regem

468 4234 673 4309 involverat,
705 4238 895 4296 metuentes
925 4251 967 4294 ne
999 4249 1117 4295 omues
1146 4229 1237 4304 illos,
1264 4247 1351 4310 quos
1379 4230 1419 4292 in
