3138 5184
397 494 536 542 suenus
560 493 829 543 maronianus.
1031 479 1097 544 189

151 655 294 718 caelestis
322 673 439 718 amore
472 670 636 734 sponsum
668 651 876 734 contempsit
898 659 1071 716 terrenum
1085 673 1094 732 ;
1108 672 1229 717 anuto.

152 773 225 818 uam
251 773 331 816 cum
353 753 446 834 regis
463 751 643 835 cujusdam
660 750 753 813 filius
774 751 819 814 ad
843 751 987 832 uirginis
1007 771 1095 835 nup·

152 853 213 916 tias
244 854 398 916 animum
429 851 666 933 applicuisset,
695 851 855 932 precibus
891 850 1030 916 taudem
1061 861 1098 916 ct

153 937 324 1015 blanditiis
347 951 496 1014 inaniter
516 949 742 1030 consumptis,
765 948 934 1014 violenter
953 959 1096 1015 conten·

154 1051 199 1114 dit
219 1070 293 1114 rem
322 1069 426 1130 agere
448 1068 525 1111 cum
548 1046 677 1131 puella,
703 1067 773 1130 quo
795 1056 982 1131 comperto,
1011 1050 1095 1114 Fre-

154 1148 334 1213 tbeswitba
355 1149 391 1211 in
414 1147 538 1210 silvam
553 1146 728 1230 quandam
749 1145 898 1211 latenter
918 1148 1095 1230 confugit3

155 1268 211 1312 uec
243 1256 362 1312 tamen
395 1246 579 1310 latibulum
608 1246 717 1309 latere
750 1245 865 1328 potuit
892 1255 1095 1321 amatorem,

154 1349 230 1429 quia
264 1346 398 1411 desidia
424 1365 494 1409 uon
519 1345 628 1409 defuit
654 1344 738 1426 quin
764 1353 935 1427 quaereret
960 1346 1096 1428 fugien-

155 1455 228 1510 tem.
283 1446 396 1528 Virgo
418 1444 537 1526 igitur,
555 1445 682 1508 iterato
700 1443 841 1527 juvenis
864 1445 978 1510 lurore
1002 1465 1095 1510 com-

155 1554 259 1627 perto,
297 1565 359 1628 per
396 1544 550 1608 occultos
589 1542 757 1618 tramites,
789 1543 865 1608 Deo
897 1545 1096 1624 comitante,

156 1644 325 1709 Oxoniam
356 1644 399 1707 de
431 1650 531 1707 noete
562 1642 698 1724 fugiens
728 1643 906 1725 pervenio
950 1663 1096 1728 cumque

153 1763 247 1808 mane
264 1744 348 1808 illuc
363 1743 519 1822 curiosus
533 1748 669 1806 amator
688 1739 899 1820 advolasset,
921 1744 1036 1825 puella
1054 1744 1097 1808 de

155 1843 232 1924 fuga
241 1844 317 1928 jam
336 1843 534 1924 desperans
548 1841 718 1924 simulque
733 1841 776 1906 de
791 1841 997 1908 lassitudine
1014 1863 1096 1907 nus-

156 1962 254 2024 quam
277 1941 440 2025 progredi
455 1941 587 2018 valens,
604 1941 672 2005 Dei
688 1941 832 2005 tutelam
847 1941 914 2004 sibi
928 1949 964 2006 et
978 1962 1095 2024 perse·

155 2043 260 2107 cutori
277 2061 417 2125 poenam
432 2041 539 2105 anxia
550 2041 779 2122 imprecatum
798 2041 943 2124 jamque
957 2041 1096 2124 juvenis

153 2140 206 2205 ille
233 2161 313 2205 cum
345 2141 527 2206 comitibus
558 2146 676 2222 portas
707 2140 802 2204 urbis
832 2140 983 2216 subibat,
1006 2160 1096 2218 eum,

34 2239 35 2278 ἒ
155 2240 280 2304 caelesti
295 2240 403 2323 plaga
423 2241 587 2316 irruente,
609 2239 804 2303 coecitatem
827 2239 983 2303 incurrit.
1036 2239 1097 2302 Iu·

156 2339 292 2403 tellecto
324 2340 432 2420 igitur
458 2338 658 2421 pertinaciae
688 2357 760 2402 suae
791 2339 930 2416 delicto,
955 2337 1096 2421 juvenis

154 2437 226 2502 luce
241 2442 413 2521 privatus
429 2445 463 2501 et
482 2436 734 2501 Fretbeswitba
749 2445 789 2501 ut
803 2438 1023 2502 misereretur
1035 2458 1097 2520 per

155 2539 292 2601 nuntios
306 2538 503 2614 exhortata,
512 2537 630 2600 cadem
646 2536 813 2600 facilitate
825 2537 940 2601 lumen
956 2539 1096 2620 recepit,

155 2656 232 2718 qua,
265 2639 478 2719 imprecante
508 2636 636 2720 puella,
669 2635 861 2700 incurrerat
890 2636 1096 2702 coecitatem.

155 2735 246 2800 Hinc
269 2737 408 2820 regibus
432 2734 569 2818 Angliae
594 2734 698 2799 timor
722 2735 867 2800 inolevit
883 2736 977 2799 illius
1001 2738 1097 2800 urbis

154 2835 347 2917 ingressum
380 2844 416 2899 et
456 2836 642 2917 hospitium
672 2853 808 2912 cavere,
841 2835 933 2919 quod
968 2834 1098 2900 seratur

154 2935 316 3015 pestifera
334 2954 408 2999 esse
429 2934 510 3012 illis,
532 2955 610 2999 cum
629 2954 700 2999 non
715 2933 824 2999 velint
846 2935 895 2998 rei
918 2935 1097 3000 veritatem

154 3053 215 3098 suo
253 3035 382 3098 damno
418 3034 606 3117 periculum
642 3034 803 3116 experiri.
871 3033 972 3098 Tunc
997 3035 1097 3116 virgo

36 3133 37 3186 ἐ
153 3134 265 3211 beata,
290 3141 488 3198 constructo
511 3134 636 3197 ibidem
661 3134 882 3211 monasterio,
907 3133 1098 3215 virginibus

36 3229 37 3248 *
154 3235 386 3315 congregatis,
416 3253 525 3315 usque
557 3233 600 3297 ad
634 3233 767 3296 exitum
799 3234 881 3296 vitae
914 3251 988 3297 suae
1019 3234 1097 3297 Deo

154 3331 293 3412 placens
325 3332 394 3396 illis
427 3331 567 3415 praesuit
593 3333 731 3397 nomine
759 3333 957 3398 abbatissae.
1017 3330 1098 3396 Hoc

153 3437 268 3498 autem
302 3433 550 3497 monasterium
594 3439 747 3514 tempore
778 3431 972 3513 Anglorum
1005 3431 1098 3513 regis

155 3529 344 3608 Ethelredi,
362 3532 474 3595 Danis
495 3533 571 3595 neci
592 3531 800 3616 adjudicatis
822 3537 857 3595 et
878 3549 985 3595 causa
1006 3531 1100 3594 salu-

155 3630 198 3694 tis
222 3631 260 3695 in
283 3631 371 3695 illud
397 3630 687 3712 confugientibus,
710 3630 978 3695 discurrentibus
1004 3630 1099 3694 flam-

154 3729 229 3806 mis,
256 3750 337 3794 cum
366 3731 416 3794 eis
445 3738 687 3812 consumptum
717 3737 782 3807 cst,
803 3730 871 3794 sed
896 3748 966 3792 non
989 3729 1099 3794 multo

154 3836 233 3909 post
247 3831 294 3893 ab
313 3830 433 3893 eodem
456 3850 538 3910 rege
560 3836 795 3894 constructum
817 3837 853 3893 et
874 3815 1100 3911 competenti·

153 3928 218 3990 bus
232 3937 287 3992 est
303 3929 444 4012 praediis
460 3929 672 4011 ampliatum.
726 3929 822 3992 Obiit
837 3928 902 3992 hoc
916 3946 1007 3992 anno
1027 3927 1100 3991 Ro·
1120 3969 1122 3974 -

154 4027 281 4103 bertus,
303 4047 418 4092 comes
438 4028 672 4105 Flandrensis,
690 4029 749 4110 qui
764 4027 880 4092 itineri
897 4026 1103 4110 Hierosoly·

152 4126 283 4190 milano
313 4127 578 4210 praeclarissimo
611 4127 780 4205 interluit,
811 4127 901 4191 unde
937 4127 1103 4192 memorio

153 4225 230 4307 ejus
251 4247 318 4290 nou
338 4228 486 4291 transiet
502 4227 538 4289 in
554 4234 746 4304 aeternum;
773 4226 886 4290 sactus
911 4233 964 4290 est
986 4233 1103 4289 autem
