3138 5184
431 511 496 577 176
688 526 823 572 uocatu
848 526 894 572 nu
918 525 1124 573 wnunovun

268 699 322 738 An-
335 700 391 738 ¹1⁰⁴·
432 691 488 747 tus
506 685 551 747 ab
575 681 717 764 Anglia,
738 683 854 746 auimo
877 682 1043 765 perfecto,
1073 691 1113 747 ut
1133 682 1186 746 vir
1208 691 1385 762 strenuus„

431 782 605 864 regalibus
633 783 756 847 turmis
786 782 952 845 audacter
980 782 1108 845 bellum
1138 783 1287 862 indixit3
1322 785 1385 848 sed

430 882 503 945 dux
527 882 715 958 Robertus‚
738 881 856 945 fratris
882 882 936 944 sui
961 880 1102 946 divitias
1119 891 1287 960 metuenS‚
1305 903 1387 946 cas«

431 981 514 1046 tella
537 1001 601 1044 sua
628 988 663 1044 et
688 987 790 1044 terrae
814 979 1002 1044 infirmiora
1021 981 1057 1043 in
1077 988 1245 1063 quantum
1269 983 1387 1065 potuit

430 1081 667 1144 communivit.
721 1079 850 1143 Eodem
866 1099 957 1144 anno
974 1088 1210 1162 apparuerunt
1227 1081 1262 1143 in
1279 1083 1383 1146 meri-

431 1180 486 1244 die
504 1181 596 1243 circa
613 1178 720 1243 solem
737 1185 889 1261 quatuor
905 1178 1025 1244 circuli
1043 1179 1113 1242 albi
1128 1179 1265 1244 coloris

434 1353 522 1432 Quod
529 1351 673 1416 Ansalmo
687 1351 915 1436 archiepiscopo
930 1351 1131 1416 interdictum
1146 1361 1197 1430 est,
1215 1373 1252 1415 ne
1266 1352 1386 1416 rediret

804 1452 839 1514 iu
854 1450 1016 1536 Angitiam.

231 1586 236 1612 ¹
269 1597 375 1638 ansermi
483 1575 564 1638 Hoc
581 1593 719 1658 quoque
736 1582 890 1656 tempore
906 1573 1106 1652 Anselmus,
1122 1575 1389 1639 Cantuariensis

269 1652 402 1737 tittttau.
432 1674 723 1757 archiepiscopus
752 1692 773 1736 a
796 1674 910 1737 Roma
939 1674 1074 1737 rediens
1106 1694 1183 1738 cum
1211 1673 1387 1756 Lugduno

432 1774 755 1856 appropinquasset,
781 1772 979 1836 Willelmus
1006 1774 1050 1836 de
1066 1773 1266 1851 Wareuast,
1291 1775 1389 1854 regis

431 1870 627 1954 Anglorum
648 1879 863 1954 procurator,
887 1866 947 1936 ¹de
965 1892 1034 1956 quo
1054 1874 1214 1955 superius
1236 1874 1386 1938 mentio-

433 1991 510 2034 nem
528 1972 683 2048 fecimus,
705 1971 887 2036 interdixit
908 1991 954 2035 ex
977 1978 1077 2055 parte
1099 1972 1228 2035 domini
1249 1973 1315 2048 sui,
1340 1993 1387 2036 ne

433 2070 560 2135 rediret
576 2071 612 2134 in
629 2070 806 2153 Angliam,
829 2071 896 2134 nisi
917 2091 1037 2135 omnes
1059 2072 1169 2153 patris
1198 2090 1239 2134 ae
1265 2071 1387 2136 fratris

433 2171 542 2253 ipsius
572 2171 837 2236 consuetudines
862 2189 900 2233 se
925 2171 956 2234 ei
989 2170 1136 2235 fideliter
1165 2170 1387 2252 promitteret

433 2278 674 2350 servaturum3
707 2269 799 2352 quod
831 2269 889 2332 ille
920 2269 1064 2332 audiens
1095 2269 1284 2334 admiratus
1315 2277 1387 2348 est,

432 2369 546 2442 sciens
571 2389 608 2432 se
637 2369 706 2433 alia
735 2367 932 2432 conditione
957 2368 1002 2432 ab
1027 2367 1159 2448 Anglia
1186 2369 1384 2434 recessisse.

434 2467 647 2532 Perveniens
675 2474 789 2530 autem
816 2467 1023 2548 Lugdunum
1048 2467 1177 2538 resedit
1200 2488 1277 2532 cum
1302 2468 1385 2533 Hu-

433 2586 533 2648 gone‚
557 2567 815 2649 archiepiscopo
838 2566 1002 2644 civitatis
1025 2567 1181 2631 omnibus
1208 2588 1286 2650 quae
1313 2568 1385 2632 Dei

433 2667 515 2730 sunt
529 2665 713 2746 diligenter
727 2665 918 2730 intendens,
967 2666 1046 2730 Rex
1062 2673 1178 2730 autem
1195 2666 1388 2746 Henricus,

433 2773 473 2828 ut
503 2767 670 2848 comperit
697 2772 768 2829 tam
802 2785 928 2847 papam
958 2786 1060 2848 quam
1088 2765 1387 2849 archiepiscopum

433 2865 469 2927 in
485 2883 549 2928 sua
563 2873 719 2947 perstare
740 2865 924 2942 sententia,
945 2885 1028 2929 mox
1050 2864 1387 2948 archiepiscopatum

433 2964 469 3026 in
490 2963 676 3027 dominium
707 2983 806 3028 suum
837 2963 971 3046 redegit
993 2971 1028 3029 et
1053 2962 1256 3029 Anselmum
1282 2967 1385 3030 bonis

434 3064 594 3126 omnibus
607 3063 780 3152 spoliauit.

408 3293 411 3300 .
463 3235 512 3298 De
529 3235 628 3301 Turro
642 3237 787 3322 quodam,
803 3237 857 3321 qui
872 3257 970 3322 ruffam
984 3235 1266 3320 Hierosobymorum
1279 3237 1357 3300 sutis

736 3336 901 3401 curialiter
915 3332 1070 3400 liberauit.

486 3451 604 3522 Circa²
627 3458 700 3522 dies
719 3459 806 3522 istos
824 3458 981 3523 Arabitae
1001 3479 1079 3522 cum
1097 3459 1274 3545 AEgyptiis
1297 3459 1386 3525 fines

435 3556 709 3622 Christianorum
725 3559 816 3640 apud
834 3557 1003 3642 Lyddam,
1024 3558 1231 3634 Sauronam,
1252 3567 1288 3623 et
1307 3558 1385 3623 Ra·

433 3656 562 3719 mulam
591 3657 750 3738 ingressi,
780 3658 824 3722 ad
857 3676 1035 3720 numerum
1068 3657 1194 3738 viginti
1225 3658 1386 3737 millium,

433 3756 560 3837 praedis
582 3756 630 3819 ibi
655 3757 833 3820 instabant
861 3765 897 3821 et
922 3757 1073 3839 rapinis;
1107 3756 1198 3838 quod
1234 3765 1274 3820 ut
1308 3758 1386 3839 regi

434 3854 655 3918 Hierusalem
672 3855 874 3919 Baldewino
891 3853 1089 3926 nuntiatum
1104 3855 1239 3932 fuisset,
1256 3865 1387 3939 praeter

432 3974 562 4028 morem
590 3955 691 4017 nimis
717 3954 913 4019 inconsulte
939 3973 1062 4037 agens,
1086 3974 1155 4018 non
1180 3957 1384 4020 convocatis

432 4053 636 4165 exlurbibus
654 4053 808 4117 finitimis
824 4055 1030 4118 militaribus
1045 4053 1166 4136 copiis
1182 4055 1244 4117 sed
1261 4055 1303 4118 de
1319 4075 1389 4120 sua

469 4225 524 4276 ¹De
540 4243 585 4290 quo
601 4223 734 4296 rupertus]
759 4218 910 4353 Aboram}
955 4227 1049 4278 ’Circa
1069 4228 1143 4292 dira]
1169 4228 1293 4290 Compare
1312 4229 1388 4282 will.

435 4301 491 4345 lta.
920 4299 981 4360 Tyr.
992 4314 1018 4360 p.
1031 4302 1089 4361 787,
1100 4313 1164 4361 seqq.
