3190 5202
293 711 348 752 ab.
362 713 418 752 idid·

294 759 444 810 repausant

294 821 378 852 remon

456 515 501 582 60
714 529 848 576 socam
873 529 920 577 nn
943 529 1151 578 wunnerus

459 696 577 754 exstat
604 687 756 770 Europa,
782 685 882 770 cujus
907 687 1248 770 quantulamcunque
1275 693 1420 771 partem

380 837 386 852 .
460 807 523 852 nos
537 785 726 851 Christiani
744 785 990 864 inhabitamus,
1003 805 1106 869 quam
1124 795 1160 852 et
1175 787 1282 850 Turci
1298 796 1335 852 et
1350 789 1422 853 Sa-

458 887 575 952 raceni
597 885 697 950 bellis
719 893 879 967 premunt
901 885 1086 963 continuis,
1104 893 1140 949 et
1152 887 1227 970 jam
1246 888 1291 950 ab
1308 887 1418 951 annis

459 987 621 1051 trecentis
650 984 825 1066 Hispania
855 991 890 1048 et
915 984 1038 1048 insulis
1062 985 1265 1049 Balearibus
1290 987 1420 1070 subju-

459 1085 564 1168 gatis,
587 1082 680 1166 quod
708 1083 878 1165 reliquum
905 1089 959 1146 est
989 1103 1052 1166 spe
1081 1083 1263 1160 devorant,
1290 1084 1414 1167 Illyri-

459 1204 605 1266 cumque
620 1191 656 1247 et
675 1190 786 1246 terras
803 1201 922 1246 omnes
942 1181 1120 1247 inferiores
1143 1183 1338 1265 inequitant
1357 1185 1415 1247 in-

460 1283 611 1348 solentes
639 1280 817 1363 usquead
839 1275 946 1356 m'are,
972 1280 1065 1362 quod
1092 1281 1270 1345 brachium
1295 1285 1411 1348 sancti

461 1381 605 1464 Georgii
632 1387 861 1462 nuncupatur.
914 1378 1007 1457 Quid
1042 1387 1096 1444 est
1126 1381 1218 1463 quod
1251 1381 1412 1446 Domini·

457 1501 538 1544 cum
553 1486 810 1544 monumentum
826 1498 899 1543 suae
915 1479 1094 1543 vindicant
1108 1479 1241 1556 ditioni,
1260 1488 1295 1544 et
1310 1500 1411 1544 sanc-

460 1588 507 1644 tae
539 1580 634 1642 urbis
666 1579 845 1642 introitum
872 1578 1064 1660 peregrinis
1093 1579 1221 1643 nostris
1244 1579 1411 1659 vendunt,

460 1681 520 1761 qui
538 1679 622 1743 solis
633 1678 840 1742 Christianis
854 1684 974 1758 patere
989 1676 1141 1756 deberet,
1158 1679 1188 1742 si
1204 1678 1336 1760 aliquid
1345 1673 1411 1743 ¹di-

461 1780 551 1843 vinae
567 1777 706 1842 virtutis
721 1775 905 1856 vestigium
921 1776 971 1838 eis
986 1776 1139 1841 inesseti
1180 1776 1412 1859 Accingimini

461 1897 544 1958 ergo
564 1876 630 1939 viri
652 1884 823 1957 potentes,
846 1883 881 1938 et
903 1874 1133 1956 aggredimini
1154 1878 1411 1941 memorabilem

457 1977 498 2038 in
521 1975 632 2038 crucis
654 1975 810 2040 inimicos
833 1974 1100 2056 expeditionem,
1115 1985 1151 2040 et
1166 1974 1412 2041 Christianita-

457 2081 530 2140 tem
546 2075 771 2158 propagaturi
794 2073 1011 2154 signaculum
1032 2075 1143 2138 crucis
1165 2074 1316 2138 humeris
1333 2095 1412 2140 ves·

461 2175 523 2238 tris
547 2176 686 2251 insuite,
713 2175 749 2237 in
775 2173 1009 2237 testimonium
1034 2173 1114 2237 fidei
1147 2173 1304 2238 ardorem
1327 2175 1411 2238 foris

457 2274 737 2356 ,praetendentes;
770 2291 877 2348 arma,
896 2290 974 2354 qnae
994 2272 1088 2335 caede
1110 2280 1231 2336 mutua
1252 2274 1288 2336 in
1310 2274 1413 2338 bellis

460 2373 580 2436 illicite
617 2379 652 2434 et
687 2371 935 2434 torneamentis
970 2372 1191 2449 cruentastiS,
1219 2373 1255 2435 in
1292 2373 1412 2437 hostes

457 2471 651 2534 convertite
678 2469 757 2533 fidei
785 2476 820 2533 et
848 2469 996 2533 nominis
1015 2459 1226 2550 Christiani3
1258 2473 1412 2554 rapinas,

460 2569 566 2646 furta,
592 2568 787 2646 homicidia,
811 2569 1068 2646 fornicationes,
1091 2570 1273 2647 adulteria,
1296 2572 1413 2636 incen-

457 2662 530 2745 dia,
546 2669 669 2752 quibus
688 2669 875 2733 Dominum
893 2667 937 2731 ad
954 2668 1166 2732 iracundiam
1183 2671 1412 2751 provocastis,

460 2769 496 2832 in
517 2769 581 2832 hac
599 2769 819 2850 expeditione
836 2768 1013 2846 redimite;
1038 2775 1073 2832 et
1094 2768 1258 2832 fratribus
1274 2772 1412 2848 vestris,

458 2869 570 2950 quiin
583 2867 835 2950 Hierosolymis
850 2873 886 2929 et
903 2866 1029 2929 finibus
1046 2868 1122 2950 ejus
1131 2867 1303 2946 habitant,
1318 2889 1413 2933 com-

460 2969 645 3049 patientes,
675 2969 899 3031 barbarorum
936 2965 1139 3030 insolentias
1159 2969 1414 3050 compescatis,

459 3067 585 3147 quibus
599 3067 813 3149 propositum
830 3071 884 3128 est
897 3083 1022 3128 nomen
1036 3065 1226 3148 deprimere
1244 3065 1414 3132 Christia-

399 3156 403 3162 ’
460 3186 594 3228 norum.
642 3159 695 3227 ²N
698 3183 737 3226 os
756 3173 871 3228 autem
890 3164 932 3227 de
954 3164 1200 3246 omnipotentis
1221 3166 1287 3230 Dei
1307 3169 1411 3231 mise·

460 3263 609 3326 ricordia
633 3271 669 3325 et
691 3263 868 3326 beatorum
891 3264 1130 3344 apostolorum
1156 3264 1231 3347 ejus
1259 3265 1355 3330 Petri
1378 3275 1414 3331 et

462 3360 565 3425 Pauli
581 3362 787 3426 auctoritate
804 3363 935 3439 confisi,
949 3382 994 3424 ex
1007 3363 1068 3426 illa
1085 3382 1189 3445 quam
1206 3366 1317 3442 nebia,
1331 3366 1414 3431 licet

459 3462 622 3544 indignis,
650 3463 747 3526 Deus
777 3462 908 3544 ligandi
939 3469 1043 3543 atque
1078 3463 1234 3526 solvendi
1266 3466 1414 3529 contidit

459 3569 681 3643 potestatem,
705 3563 876 3638 omnibuS,
895 3562 956 3643 qui
977 3562 1129 3625 laborem
1147 3563 1251 3625 istum
1273 3565 1310 3627 in
1332 3584 1413 3646 pro-

460 3661 544 3742 priis
563 3663 721 3744 personis
745 3661 912 3724 subierint
938 3666 973 3723 et
997 3662 1174 3742 expensiS,
1196 3662 1334 3744 plenam
1357 3683 1415 3727 su.

457 3779 560 3823 orum
588 3760 836 3843 peccaminum,
867 3760 909 3822 de
937 3760 1062 3841 quibus
1089 3762 1259 3824 veraciter
1285 3762 1414 3828 fuerint

457 3860 563 3922 corde
589 3859 740 3934 contriti,
758 3878 817 3921 ore
845 3858 1003 3935 confessi,
1022 3859 1159 3922 veniam
1183 3860 1414 3941 indulgemuS,

459 3959 546 4026 etin
565 3958 788 4023 retributione
805 3958 980 4041 justorum
1004 3958 1127 4022 salutis
1150 3965 1289 4023 aeternae
1311 3962 1413 4042 polli-

495 4171 613 4222 ¹Diciaoe
624 4167 748 4240 virtutis]
761 4173 863 4224 ‘Solitae
872 4174 922 4222 vir·
945 4167 1125 4240 opportunum]
1139 4173 1252 4222 Omitted
1264 4175 1298 4236 by
1309 4177 1415 4228 Malms-

459 4239 538 4302 tutis‚’
550 4244 669 4292 Malmsb.
946 4243 1026 4304 bury3
1038 4243 1059 4291 it
1068 4243 1090 4292 is
1102 4242 1178 4292 taken
1190 4244 1252 4292 from
1266 4245 1416 4296 Williamoi

494 4308 569 4359 2Νυε
590 4316 669 4359 autem
683 4346 688 4359 .
703 4345 709 4358 .
723 4345 729 4360 .
744 4346 750 4361 .
762 4311 922 4374 impenderint
946 4313 1020 4372 Tyra.
