<?xml version="1.0" encoding="UTF-8"?>
<!DOCTYPE html PUBLIC "-//W3C//DTD XHTML 1.0 Transitional//EN"
    "http://www.w3.org/TR/xhtml1/DTD/xhtml1-transitional.dtd">
<html xmlns="http://www.w3.org/1999/xhtml" xml:lang="en" lang="en">
 <head>
  <title>
</title>
<meta http-equiv="Content-Type" content="text/html;charset=utf-8" />
  <meta name='ocr-system' content='tesseract 3.04.00' />
  <meta name='ocr-capabilities' content='ocr_page ocr_carea ocr_par ocr_line ocrx_word'/>
</head>
<body>
  <div class='ocr_page' id='page_1' title='image "./rogeridewendove07rogegoog_0146.png"; bbox 0 0 3104 5186; ppageno 0'>
   <div class='ocr_carea' id='block_1_1' title="bbox 411 593 1109 662">
    <p class='ocr_par' dir='ltr' id='par_1_1' title="bbox 411 593 1109 662">
     <span class='ocr_line' id='line_1_1' title="bbox 411 593 1109 662; baseline 0.013 -10"><span class='ocrx_word' id='word_1_1' title='bbox 411 607 551 654; x_wconf 77' lang='lat' dir='ltr'>neonus</span> <span class='ocrx_word' id='word_1_2' title='bbox 576 609 844 662; x_wconf 72' lang='lat' dir='ltr'>msromaauu.</span> <span class='ocrx_word' id='word_1_3' title='bbox 1045 593 1109 661; x_wconf 78' lang='lat'>1³7</span> 
     </span>
    </p>
   </div>
   <div class='ocr_carea' id='block_1_2' title="bbox 149 764 1245 1046">
    <p class='ocr_par' dir='ltr' id='par_1_2' title="bbox 149 764 1245 1046">
     <span class='ocr_line' id='line_1_2' title="bbox 149 764 1245 842; baseline -0.001 -16"><span class='ocrx_word' id='word_1_4' title='bbox 149 782 195 826; x_wconf 85' lang='lat' dir='ltr'>ex</span> <span class='ocrx_word' id='word_1_5' title='bbox 227 764 356 826; x_wconf 88' lang='lat' dir='ltr'>nostris</span> <span class='ocrx_word' id='word_1_6' title='bbox 380 764 446 828; x_wconf 86' lang='lat' dir='ltr'>viri</span> <span class='ocrx_word' id='word_1_7' title='bbox 472 764 617 842; x_wconf 88' lang='lat' dir='ltr'>nobiles,</span> <span class='ocrx_word' id='word_1_8' title='bbox 645 765 837 833; x_wconf 88' lang='lat' dir='ltr'>Gilibertus</span> <span class='ocrx_word' id='word_1_9' title='bbox 861 769 904 832; x_wconf 90' lang='lat' dir='ltr'>de</span> <span class='ocrx_word' id='word_1_10' title='bbox 930 767 1046 833; x_wconf 85' lang='lat' dir='ltr'>Treva</span> <span class='ocrx_word' id='word_1_11' title='bbox 1073 775 1108 831; x_wconf 89' lang='lat' dir='ltr'>et</span> <span class='ocrx_word' id='word_1_12' title='bbox 1121 787 1245 827; x_wconf 63' lang='lat' dir='ltr'>annm.</span> 
     </span>
     <span class='ocr_line' id='line_1_3' title="bbox 153 837 1243 950; baseline 0.002 -25"><span class='ocrx_word' id='word_1_13' title='bbox 153 860 328 927; x_wconf 85' lang='lat' dir='ltr'>Aicardus</span> <span class='ocrx_word' id='word_1_14' title='bbox 364 862 407 926; x_wconf 90' lang='lat' dir='ltr'>de</span> <span class='ocrx_word' id='word_1_15' title='bbox 443 863 568 927; x_wconf 87' lang='lat' dir='ltr'>Monte</span> <span class='ocrx_word' id='word_1_16' title='bbox 603 865 728 944; x_wconf 88' lang='lat' dir='ltr'>Merla,</span> <span class='ocrx_word' id='word_1_17' title='bbox 764 868 827 932; x_wconf 86' lang='lat' dir='ltr'>&#39;alii</span> <span class='ocrx_word' id='word_1_18' title='bbox 864 876 980 932; x_wconf 88' lang='lat' dir='ltr'>autem</span> <span class='ocrx_word' id='word_1_19' title='bbox 1015 867 1107 950; x_wconf 90' lang='lat' dir='ltr'>apud</span> <span class='ocrx_word' id='word_1_20' title='bbox 1120 837 1243 928; x_wconf 53' lang='lat' dir='ltr'>bibims</span> 
     </span>
     <span class='ocr_line' id='line_1_4' title="bbox 151 961 1109 1046; baseline 0.005 -22"><span class='ocrx_word' id='word_1_21' title='bbox 151 961 175 1024; x_wconf 85' lang='lat' dir='ltr'>J</span> <span class='ocrx_word' id='word_1_22' title='bbox 178 982 294 1043; x_wconf 89' lang='lat' dir='ltr'>oppen</span> <span class='ocrx_word' id='word_1_23' title='bbox 319 963 511 1026; x_wconf 87' lang='lat' dir='ltr'>incolumes</span> <span class='ocrx_word' id='word_1_24' title='bbox 539 977 782 1046; x_wconf 89' lang='lat' dir='ltr'>pervenerunt,</span> <span class='ocrx_word' id='word_1_25' title='bbox 807 976 842 1031; x_wconf 89' lang='lat' dir='ltr'>et</span> <span class='ocrx_word' id='word_1_26' title='bbox 863 969 913 1032; x_wconf 91' lang='lat' dir='ltr'>sic</span> <span class='ocrx_word' id='word_1_27' title='bbox 930 968 1010 1031; x_wconf 92' lang='lat' dir='ltr'>inde</span> <span class='ocrx_word' id='word_1_28' title='bbox 1030 987 1109 1030; x_wconf 92' lang='lat' dir='ltr'>eum</span> 
     </span>
    </p>
   </div>
   <div class='ocr_carea' id='block_1_3' title="bbox 153 1062 1109 1151">
    <p class='ocr_par' dir='ltr' id='par_1_3' title="bbox 153 1062 1109 1151">
     <span class='ocr_line' id='line_1_5' title="bbox 153 1062 1109 1151; baseline 0.005 -27"><span class='ocrx_word' id='word_1_29' title='bbox 153 1062 248 1124; x_wconf 92' lang='lat' dir='ltr'>omni</span> <span class='ocrx_word' id='word_1_30' title='bbox 280 1062 477 1126; x_wconf 88' lang='lat' dir='ltr'>substantia</span> <span class='ocrx_word' id='word_1_31' title='bbox 507 1081 572 1126; x_wconf 88' lang='lat' dir='ltr'>sua</span> <span class='ocrx_word' id='word_1_32' title='bbox 601 1063 883 1151; x_wconf 84' lang='lat' dir='ltr'><strong>Hierosolymam</strong></span> <span class='ocrx_word' id='word_1_33' title='bbox 914 1075 995 1130; x_wconf 91' lang='lat' dir='ltr'>sunt</span> <span class='ocrx_word' id='word_1_34' title='bbox 1026 1085 1109 1129; x_wconf 89' lang='lat' dir='ltr'>con·</span> 
     </span>
    </p>
   </div>
   <div class='ocr_carea' id='block_1_4' title="bbox 1190 887 1273 927">
    <p class='ocr_par' dir='ltr' id='par_1_4' title="bbox 1190 887 1273 927">
     <span class='ocr_line' id='line_1_6' title="bbox 1190 887 1273 927; baseline 0 -1"><span class='ocrx_word' id='word_1_35' title='bbox 1190 887 1273 927; x_wconf 67' lang='lat' dir='ltr'>arada.</span> 
     </span>
    </p>
   </div>
   <div class='ocr_carea' id='block_1_5' title="bbox 154 1161 1107 1330">
    <p class='ocr_par' dir='ltr' id='par_1_5' title="bbox 154 1161 1107 1330">
     <span class='ocr_line' id='line_1_7' title="bbox 154 1161 1107 1247; baseline 0.004 -24"><span class='ocrx_word' id='word_1_36' title='bbox 154 1161 262 1236; x_wconf 89' lang='lat' dir='ltr'>ducti,</span> <span class='ocrx_word' id='word_1_37' title='bbox 290 1163 350 1226; x_wconf 92' lang='lat' dir='ltr'>ubi</span> <span class='ocrx_word' id='word_1_38' title='bbox 374 1181 397 1224; x_wconf 90' lang='lat' dir='ltr'>a</span> <span class='ocrx_word' id='word_1_39' title='bbox 422 1161 617 1242; x_wconf 83' lang='lat' dir='ltr'>legionibus</span> <span class='ocrx_word' id='word_1_40' title='bbox 644 1166 836 1245; x_wconf 83' lang='lat' dir='ltr'>gaudenter</span> <span class='ocrx_word' id='word_1_41' title='bbox 863 1166 1000 1247; x_wconf 83' lang='lat' dir='ltr'>excepti</span> <span class='ocrx_word' id='word_1_42' title='bbox 1028 1185 1107 1229; x_wconf 92' lang='lat' dir='ltr'>con·</span> 
     </span>
     <span class='ocr_line' id='line_1_8' title="bbox 154 1260 992 1330; baseline 0.007 -8"><span class='ocrx_word' id='word_1_43' title='bbox 154 1260 363 1323; x_wconf 86' lang='lat' dir='ltr'>solationem</span> <span class='ocrx_word' id='word_1_44' title='bbox 379 1261 503 1324; x_wconf 89' lang='lat' dir='ltr'>castris</span> <span class='ocrx_word' id='word_1_45' title='bbox 519 1280 589 1325; x_wconf 90' lang='lat' dir='ltr'>non</span> <span class='ocrx_word' id='word_1_46' title='bbox 602 1264 771 1329; x_wconf 88' lang='lat' dir='ltr'>modicam</span> <span class='ocrx_word' id='word_1_47' title='bbox 789 1266 992 1330; x_wconf 89' lang='lat' dir='ltr'>attulerunt.</span> 
     </span>
    </p>
   </div>
   <div class='ocr_carea' id='block_1_6' title="bbox 207 1440 1065 1526">
    <p class='ocr_par' dir='ltr' id='par_1_6' title="bbox 207 1440 1065 1526">
     <span class='ocr_line' id='line_1_9' title="bbox 207 1440 1065 1526; baseline -0.005 -19"><span class='ocrx_word' id='word_1_48' title='bbox 207 1441 372 1507; x_wconf 66' lang='lat' dir='ltr'>Maelinae</span> <span class='ocrx_word' id='word_1_49' title='bbox 390 1441 584 1518; x_wconf 79' lang='lat' dir='ltr'>constructis,</span> <span class='ocrx_word' id='word_1_50' title='bbox 598 1441 710 1506; x_wconf 75' lang='lat' dir='ltr'>civitem</span> <span class='ocrx_word' id='word_1_51' title='bbox 724 1440 836 1504; x_wconf 79' lang='lat' dir='ltr'>iterum</span> <span class='ocrx_word' id='word_1_52' title='bbox 851 1440 1065 1526; x_wconf 59' lang='lat' dir='ltr'>impugnatur.</span> 
     </span>
    </p>
   </div>
   <div class='ocr_carea' id='block_1_7' title="bbox 155 1562 1254 4324">
    <p class='ocr_par' dir='ltr' id='par_1_7' title="bbox 155 1562 1254 4324">
     <span class='ocr_line' id='line_1_10' title="bbox 209 1562 1254 1647; baseline 0.001 -21"><span class='ocrx_word' id='word_1_53' title='bbox 209 1562 367 1647; x_wconf 86' lang='lat' dir='ltr'>Cumque</span> <span class='ocrx_word' id='word_1_54' title='bbox 397 1585 459 1646; x_wconf 89' lang='lat' dir='ltr'>per</span> <span class='ocrx_word' id='word_1_55' title='bbox 492 1585 644 1630; x_wconf 90' lang='lat' dir='ltr'>mensem</span> <span class='ocrx_word' id='word_1_56' title='bbox 675 1585 781 1628; x_wconf 92' lang='lat' dir='ltr'>unum</span> <span class='ocrx_word' id='word_1_57' title='bbox 812 1565 905 1628; x_wconf 91' lang='lat' dir='ltr'>clrea</span> <span class='ocrx_word' id='word_1_58' title='bbox 933 1563 1110 1628; x_wconf 86' lang='lat' dir='ltr'>machinas</span> <span class='ocrx_word' id='word_1_59' title='bbox 1123 1588 1254 1629; x_wconf 64' lang='lat' dir='ltr'>mouent</span> 
     </span>
     <span class='ocr_line' id='line_1_11' title="bbox 155 1640 1252 1745; baseline -0.002 -19"><span class='ocrx_word' id='word_1_60' title='bbox 155 1663 355 1728; x_wconf 84' lang='lat' dir='ltr'>laborantes</span> <span class='ocrx_word' id='word_1_61' title='bbox 375 1665 423 1728; x_wconf 89' lang='lat' dir='ltr'>ad</span> <span class='ocrx_word' id='word_1_62' title='bbox 446 1665 577 1745; x_wconf 91' lang='lat' dir='ltr'>negotii</span> <span class='ocrx_word' id='word_1_63' title='bbox 594 1665 924 1728; x_wconf 87' lang='lat' dir='ltr'>consummationem</span> <span class='ocrx_word' id='word_1_64' title='bbox 944 1682 1109 1743; x_wconf 87' lang='lat' dir='ltr'>pervene-</span> <span class='ocrx_word' id='word_1_65' title='bbox 1122 1640 1209 1681; x_wconf 53' lang='grc' dir='ltr'>Μ’</span> <span class='ocrx_word' id='word_1_66' title='bbox 1246 1663 1252 1676; x_wconf 87' lang='grc'>’</span> 
     </span>
     <span class='ocr_line' id='line_1_12' title="bbox 156 1761 1109 1847; baseline -0.002 -21"><span class='ocrx_word' id='word_1_67' title='bbox 156 1770 249 1838; x_wconf 90' lang='lat' dir='ltr'>runt,</span> <span class='ocrx_word' id='word_1_68' title='bbox 267 1762 401 1844; x_wconf 86' lang='lat' dir='ltr'>placuit</span> <span class='ocrx_word' id='word_1_69' title='bbox 419 1763 590 1846; x_wconf 89' lang='lat' dir='ltr'>episcopis</span> <span class='ocrx_word' id='word_1_70' title='bbox 606 1772 641 1827; x_wconf 89' lang='lat' dir='ltr'>et</span> <span class='ocrx_word' id='word_1_71' title='bbox 657 1764 870 1847; x_wconf 88' lang='lat' dir='ltr'>sapientibus</span> <span class='ocrx_word' id='word_1_72' title='bbox 886 1761 928 1825; x_wconf 91' lang='lat' dir='ltr'>de</span> <span class='ocrx_word' id='word_1_73' title='bbox 943 1763 1109 1838; x_wconf 87' lang='lat' dir='ltr'>exercitu,</span> 
     </span>
     <span class='ocr_line' id='line_1_13' title="bbox 157 1861 1109 1947; baseline 0 -23"><span class='ocrx_word' id='word_1_74' title='bbox 157 1869 196 1926; x_wconf 91' lang='lat' dir='ltr'>ut</span> <span class='ocrx_word' id='word_1_75' title='bbox 215 1863 308 1927; x_wconf 92' lang='lat' dir='ltr'>inter</span> <span class='ocrx_word' id='word_1_76' title='bbox 328 1881 445 1925; x_wconf 85' lang='lat' dir='ltr'>omnes</span> <span class='ocrx_word' id='word_1_77' title='bbox 465 1882 536 1944; x_wconf 86' lang='lat' dir='ltr'>pax</span> <span class='ocrx_word' id='word_1_78' title='bbox 558 1862 811 1939; x_wconf 83' lang='lat' dir='ltr'>reformaretur,</span> <span class='ocrx_word' id='word_1_79' title='bbox 827 1862 962 1947; x_wconf 88' lang='lat' dir='ltr'>jejunia</span> <span class='ocrx_word' id='word_1_80' title='bbox 975 1861 1109 1936; x_wconf 89' lang='lat' dir='ltr'>fierent,</span> 
     </span>
     <span class='ocr_line' id='line_1_14' title="bbox 157 1960 1111 2042; baseline 0.001 -19"><span class='ocrx_word' id='word_1_81' title='bbox 157 1962 397 2042; x_wconf 88' lang='lat' dir='ltr'>processiones</span> <span class='ocrx_word' id='word_1_82' title='bbox 421 1962 524 2024; x_wconf 90' lang='lat' dir='ltr'>etiam</span> <span class='ocrx_word' id='word_1_83' title='bbox 547 1982 624 2027; x_wconf 92' lang='lat' dir='ltr'>cum</span> <span class='ocrx_word' id='word_1_84' title='bbox 645 1963 859 2028; x_wconf 88' lang='lat' dir='ltr'>orationibus</span> <span class='ocrx_word' id='word_1_85' title='bbox 882 1960 1041 2038; x_wconf 83' lang='lat' dir='ltr'>devotis3</span> <span class='ocrx_word' id='word_1_86' title='bbox 1076 1967 1111 2024; x_wconf 89' lang='lat' dir='ltr'>et</span> 
     </span>
     <span class='ocr_line' id='line_1_15' title="bbox 157 2058 1111 2143; baseline 0.001 -21"><span class='ocrx_word' id='word_1_87' title='bbox 157 2060 206 2122; x_wconf 89' lang='lat' dir='ltr'>sic</span> <span class='ocrx_word' id='word_1_88' title='bbox 229 2060 287 2123; x_wconf 93' lang='lat' dir='ltr'>die</span> <span class='ocrx_word' id='word_1_89' title='bbox 314 2066 460 2136; x_wconf 88' lang='lat' dir='ltr'>statuto,</span> <span class='ocrx_word' id='word_1_90' title='bbox 479 2061 533 2123; x_wconf 91' lang='lat' dir='ltr'>his</span> <span class='ocrx_word' id='word_1_91' title='bbox 554 2063 714 2125; x_wconf 91' lang='lat' dir='ltr'>omnibus</span> <span class='ocrx_word' id='word_1_92' title='bbox 732 2063 798 2126; x_wconf 90' lang='lat' dir='ltr'>rite</span> <span class='ocrx_word' id='word_1_93' title='bbox 817 2061 979 2143; x_wconf 85' lang='lat' dir='ltr'>peractis,</span> <span class='ocrx_word' id='word_1_94' title='bbox 999 2058 1111 2123; x_wconf 90' lang='lat' dir='ltr'>adsuit</span> 
     </span>
     <span class='ocr_line' id='line_1_16' title="bbox 157 2155 1113 2240; baseline -0.002 -18"><span class='ocrx_word' id='word_1_95' title='bbox 157 2160 417 2240; x_wconf 87' lang='lat' dir='ltr'>peregrinorum</span> <span class='ocrx_word' id='word_1_96' title='bbox 448 2155 553 2226; x_wconf 89' lang='lat' dir='ltr'>armis</span> <span class='ocrx_word' id='word_1_97' title='bbox 580 2162 751 2225; x_wconf 88' lang='lat' dir='ltr'>instructa</span> <span class='ocrx_word' id='word_1_98' title='bbox 772 2160 816 2224; x_wconf 92' lang='lat' dir='ltr'>ad</span> <span class='ocrx_word' id='word_1_99' title='bbox 838 2161 956 2223; x_wconf 90' lang='lat' dir='ltr'>urbem</span> <span class='ocrx_word' id='word_1_100' title='bbox 978 2177 1113 2240; x_wconf 87' lang='lat' dir='ltr'>oppug-</span> 
     </span>
     <span class='ocr_line' id='line_1_17' title="bbox 160 2257 1112 2339; baseline 0 -19"><span class='ocrx_word' id='word_1_101' title='bbox 160 2259 310 2322; x_wconf 89' lang='lat' dir='ltr'>nandam</span> <span class='ocrx_word' id='word_1_102' title='bbox 332 2258 474 2339; x_wconf 89' lang='lat' dir='ltr'>copiosa</span> <span class='ocrx_word' id='word_1_103' title='bbox 497 2260 694 2336; x_wconf 90' lang='lat' dir='ltr'>multitudo,</span> <span class='ocrx_word' id='word_1_104' title='bbox 713 2279 821 2323; x_wconf 90' lang='lat' dir='ltr'>unum</span> <span class='ocrx_word' id='word_1_105' title='bbox 842 2257 1112 2322; x_wconf 65' lang='lat' dir='ltr'>omnesdraben-</span> 
     </span>
     <span class='ocr_line' id='line_1_18' title="bbox 160 2356 1111 2441; baseline -0.002 -22"><span class='ocrx_word' id='word_1_106' title='bbox 160 2356 245 2420; x_wconf 89' lang='lat' dir='ltr'>tium</span> <span class='ocrx_word' id='word_1_107' title='bbox 269 2359 499 2439; x_wconf 91' lang='lat' dir='ltr'>propositum,</span> <span class='ocrx_word' id='word_1_108' title='bbox 522 2366 584 2422; x_wconf 86' lang='lat' dir='ltr'>aut</span> <span class='ocrx_word' id='word_1_109' title='bbox 602 2359 734 2423; x_wconf 91' lang='lat' dir='ltr'>animas</span> <span class='ocrx_word' id='word_1_110' title='bbox 750 2378 813 2441; x_wconf 90' lang='lat' dir='ltr'>pro</span> <span class='ocrx_word' id='word_1_111' title='bbox 830 2356 969 2421; x_wconf 89' lang='lat' dir='ltr'>Christo</span> <span class='ocrx_word' id='word_1_112' title='bbox 984 2375 1111 2438; x_wconf 89' lang='lat' dir='ltr'>ponere</span> 
     </span>
     <span class='ocr_line' id='line_1_19' title="bbox 162 2454 1113 2522; baseline -0.002 -1"><span class='ocrx_word' id='word_1_113' title='bbox 162 2465 221 2521; x_wconf 87' lang='lat' dir='ltr'>aut</span> <span class='ocrx_word' id='word_1_114' title='bbox 236 2458 358 2520; x_wconf 90' lang='lat' dir='ltr'>urbem</span> <span class='ocrx_word' id='word_1_115' title='bbox 376 2456 584 2520; x_wconf 83' lang='lat' dir='ltr'>Christianae</span> <span class='ocrx_word' id='word_1_116' title='bbox 600 2459 782 2522; x_wconf 88' lang='lat' dir='ltr'>restituere</span> <span class='ocrx_word' id='word_1_117' title='bbox 799 2456 962 2520; x_wconf 89' lang='lat' dir='ltr'>libertati.</span> <span class='ocrx_word' id='word_1_118' title='bbox 1000 2454 1113 2519; x_wconf 86' lang='lat' dir='ltr'>Acce·</span> 
     </span>
     <span class='ocr_line' id='line_1_20' title="bbox 162 2554 1111 2638; baseline -0.001 -21"><span class='ocrx_word' id='word_1_119' title='bbox 162 2554 282 2619; x_wconf 88' lang='lat' dir='ltr'>dentes</span> <span class='ocrx_word' id='word_1_120' title='bbox 308 2555 417 2636; x_wconf 89' lang='lat' dir='ltr'>igitur</span> <span class='ocrx_word' id='word_1_121' title='bbox 449 2555 493 2618; x_wconf 93' lang='lat' dir='ltr'>ad</span> <span class='ocrx_word' id='word_1_122' title='bbox 523 2576 676 2638; x_wconf 89' lang='lat' dir='ltr'>pugnam</span> <span class='ocrx_word' id='word_1_123' title='bbox 707 2557 859 2620; x_wconf 86' lang='lat' dir='ltr'>universi</span> <span class='ocrx_word' id='word_1_124' title='bbox 890 2574 988 2618; x_wconf 88' lang='lat' dir='ltr'>muro</span> <span class='ocrx_word' id='word_1_125' title='bbox 1021 2555 1111 2617; x_wconf 90' lang='lat' dir='ltr'>nite·</span> 
     </span>
     <span class='ocr_line' id='line_1_21' title="bbox 161 2653 1112 2738; baseline 0 -22"><span class='ocrx_word' id='word_1_126' title='bbox 161 2655 287 2718; x_wconf 88' lang='lat' dir='ltr'>bantur</span> <span class='ocrx_word' id='word_1_127' title='bbox 314 2653 490 2719; x_wconf 90' lang='lat' dir='ltr'>machinas</span> <span class='ocrx_word' id='word_1_128' title='bbox 517 2656 705 2738; x_wconf 88' lang='lat' dir='ltr'>applicare,</span> <span class='ocrx_word' id='word_1_129' title='bbox 734 2663 774 2720; x_wconf 93' lang='lat' dir='ltr'>ut</span> <span class='ocrx_word' id='word_1_130' title='bbox 805 2654 940 2719; x_wconf 84' lang='lat' dir='ltr'>facilius</span> <span class='ocrx_word' id='word_1_131' title='bbox 966 2653 1112 2730; x_wconf 66' lang='lat' dir='ltr'>&#39;furcos</span> 
     </span>
     <span class='ocr_line' id='line_1_22' title="bbox 161 2753 1112 2837; baseline -0.002 -21"><span class='ocrx_word' id='word_1_132' title='bbox 161 2755 216 2834; x_wconf 91' lang='lat' dir='ltr'>qui</span> <span class='ocrx_word' id='word_1_133' title='bbox 231 2755 270 2816; x_wconf 91' lang='lat' dir='ltr'>in</span> <span class='ocrx_word' id='word_1_134' title='bbox 284 2753 437 2816; x_wconf 88' lang='lat' dir='ltr'>turribus</span> <span class='ocrx_word' id='word_1_135' title='bbox 453 2762 488 2818; x_wconf 92' lang='lat' dir='ltr'>et</span> <span class='ocrx_word' id='word_1_136' title='bbox 504 2756 775 2837; x_wconf 85' lang='lat' dir='ltr'>propugnaculis</span> <span class='ocrx_word' id='word_1_137' title='bbox 792 2754 1017 2829; x_wconf 89' lang='lat' dir='ltr'>rebellabant,</span> <span class='ocrx_word' id='word_1_138' title='bbox 1030 2772 1112 2834; x_wconf 92' lang='lat' dir='ltr'>pos-</span> 
     </span>
     <span class='ocr_line' id='line_1_23' title="bbox 161 2853 1109 2935; baseline -0.001 -20"><span class='ocrx_word' id='word_1_139' title='bbox 161 2860 236 2916; x_wconf 90' lang='lat' dir='ltr'>sent</span> <span class='ocrx_word' id='word_1_140' title='bbox 263 2853 406 2916; x_wconf 90' lang='lat' dir='ltr'>liberius</span> <span class='ocrx_word' id='word_1_141' title='bbox 434 2853 661 2935; x_wconf 89' lang='lat' dir='ltr'>impugnare;</span> <span class='ocrx_word' id='word_1_142' title='bbox 694 2863 731 2918; x_wconf 90' lang='lat' dir='ltr'>at</span> <span class='ocrx_word' id='word_1_143' title='bbox 761 2855 855 2918; x_wconf 86' lang='lat' dir='ltr'>cives</span> <span class='ocrx_word' id='word_1_144' title='bbox 881 2853 1028 2916; x_wconf 88' lang='lat' dir='ltr'>viriliter</span> <span class='ocrx_word' id='word_1_145' title='bbox 1059 2872 1109 2914; x_wconf 88' lang='lat' dir='ltr'>re·</span> 
     </span>
     <span class='ocr_line' id='line_1_24' title="bbox 162 2950 1113 3035; baseline -0.001 -23"><span class='ocrx_word' id='word_1_146' title='bbox 162 2952 336 3028; x_wconf 79' lang='lat' dir='ltr'>sistenteS,</span> <span class='ocrx_word' id='word_1_147' title='bbox 357 2951 505 3016; x_wconf 89' lang='lat' dir='ltr'>telorum</span> <span class='ocrx_word' id='word_1_148' title='bbox 523 2953 636 3035; x_wconf 90' lang='lat' dir='ltr'>jactu,</span> <span class='ocrx_word' id='word_1_149' title='bbox 659 2954 868 3035; x_wconf 88' lang='lat' dir='ltr'>sagittarum</span> <span class='ocrx_word' id='word_1_150' title='bbox 889 2951 1009 3028; x_wconf 89' lang='lat' dir='ltr'>imbre,</span> <span class='ocrx_word' id='word_1_151' title='bbox 1025 2950 1113 3033; x_wconf 88' lang='lat' dir='ltr'>lapi-</span> 
     </span>
     <span class='ocr_line' id='line_1_25' title="bbox 163 3050 1112 3135; baseline 0.001 -22"><span class='ocrx_word' id='word_1_152' title='bbox 163 3050 240 3114; x_wconf 92' lang='lat' dir='ltr'>dum</span> <span class='ocrx_word' id='word_1_153' title='bbox 268 3052 489 3118; x_wconf 86' lang='lat' dir='ltr'>contorsione</span> <span class='ocrx_word' id='word_1_154' title='bbox 515 3071 561 3115; x_wconf 85' lang='lat' dir='ltr'>ex</span> <span class='ocrx_word' id='word_1_155' title='bbox 585 3053 753 3118; x_wconf 89' lang='lat' dir='ltr'>machinis</span> <span class='ocrx_word' id='word_1_156' title='bbox 778 3051 1008 3135; x_wconf 89' lang='lat' dir='ltr'>jaculatoriis,</span> <span class='ocrx_word' id='word_1_157' title='bbox 1034 3070 1112 3114; x_wconf 91' lang='lat' dir='ltr'>cum</span> 
     </span>
     <span class='ocr_line' id='line_1_26' title="bbox 162 3149 1112 3233; baseline 0.002 -23"><span class='ocrx_word' id='word_1_158' title='bbox 162 3149 332 3213; x_wconf 89' lang='lat' dir='ltr'>horrendo</span> <span class='ocrx_word' id='word_1_159' title='bbox 362 3149 493 3231; x_wconf 88' lang='lat' dir='ltr'>impetu</span> <span class='ocrx_word' id='word_1_160' title='bbox 524 3153 789 3233; x_wconf 83' lang='lat' dir='ltr'>retorquebant3</span> <span class='ocrx_word' id='word_1_161' title='bbox 832 3151 953 3226; x_wconf 90' lang='lat' dir='ltr'>nostri,</span> <span class='ocrx_word' id='word_1_162' title='bbox 981 3170 1000 3212; x_wconf 92' lang='lat' dir='ltr'>e</span> <span class='ocrx_word' id='word_1_163' title='bbox 1029 3169 1112 3213; x_wconf 92' lang='lat' dir='ltr'>con·</span> 
     </span>
     <span class='ocr_line' id='line_1_27' title="bbox 164 3249 1112 3332; baseline -0.002 -20"><span class='ocrx_word' id='word_1_164' title='bbox 164 3250 281 3324; x_wconf 88' lang='lat' dir='ltr'>trario,</span> <span class='ocrx_word' id='word_1_165' title='bbox 309 3250 459 3331; x_wconf 90' lang='lat' dir='ltr'>protecti</span> <span class='ocrx_word' id='word_1_166' title='bbox 478 3249 608 3331; x_wconf 86' lang='lat' dir='ltr'>clypeis</span> <span class='ocrx_word' id='word_1_167' title='bbox 635 3257 670 3314; x_wconf 93' lang='lat' dir='ltr'>et</span> <span class='ocrx_word' id='word_1_168' title='bbox 691 3251 843 3313; x_wconf 88' lang='lat' dir='ltr'>cratibus</span> <span class='ocrx_word' id='word_1_169' title='bbox 861 3249 1018 3332; x_wconf 67' lang='lat' dir='ltr'>objectis</span> <span class='ocrx_word' id='word_1_170' title='bbox 1041 3256 1112 3311; x_wconf 92' lang='lat' dir='ltr'>tam</span> 
     </span>
     <span class='ocr_line' id='line_1_28' title="bbox 164 3347 1115 3430; baseline 0.002 -22"><span class='ocrx_word' id='word_1_171' title='bbox 164 3348 311 3411; x_wconf 87' lang='lat' dir='ltr'>arcubus</span> <span class='ocrx_word' id='word_1_172' title='bbox 348 3367 453 3430; x_wconf 92' lang='lat' dir='ltr'>quam</span> <span class='ocrx_word' id='word_1_173' title='bbox 492 3349 639 3426; x_wconf 84' lang='lat' dir='ltr'>balistis,</span> <span class='ocrx_word' id='word_1_174' title='bbox 673 3350 745 3414; x_wconf 90' lang='lat' dir='ltr'>tela</span> <span class='ocrx_word' id='word_1_175' title='bbox 780 3349 1012 3423; x_wconf 89' lang='lat' dir='ltr'>remittebant,</span> <span class='ocrx_word' id='word_1_176' title='bbox 1045 3347 1115 3410; x_wconf 75' lang='lat' dir='ltr'>fre-</span> 
     </span>
     <span class='ocr_line' id='line_1_29' title="bbox 165 3446 1113 3531; baseline -0.002 -23"><span class='ocrx_word' id='word_1_177' title='bbox 165 3448 305 3528; x_wconf 88' lang='lat' dir='ltr'>quentia</span> <span class='ocrx_word' id='word_1_178' title='bbox 345 3453 381 3509; x_wconf 90' lang='lat' dir='ltr'>et</span> <span class='ocrx_word' id='word_1_179' title='bbox 417 3447 604 3528; x_wconf 86' lang='lat' dir='ltr'>pugillaria</span> <span class='ocrx_word' id='word_1_180' title='bbox 641 3454 909 3531; x_wconf 88' lang='lat' dir='ltr'>contorquentes</span> <span class='ocrx_word' id='word_1_181' title='bbox 945 3464 1033 3509; x_wconf 88' lang='lat' dir='ltr'>saxa</span> <span class='ocrx_word' id='word_1_182' title='bbox 1069 3446 1113 3507; x_wconf 88' lang='lat' dir='ltr'>ad</span> 
     </span>
     <span class='ocr_line' id='line_1_30' title="bbox 165 3533 1114 3628; baseline -0.002 -20"><span class='ocrx_word' id='word_1_183' title='bbox 165 3563 297 3608; x_wconf 88' lang='lat' dir='ltr'>murum</span> <span class='ocrx_word' id='word_1_184' title='bbox 323 3541 486 3608; x_wconf 85' lang='lat' dir='ltr'>accedere</span> <span class='ocrx_word' id='word_1_185' title='bbox 514 3533 725 3624; x_wconf 86' lang='lat' dir='ltr'>nitebantur,</span> <span class='ocrx_word' id='word_1_186' title='bbox 750 3547 793 3610; x_wconf 89' lang='lat' dir='ltr'>iis</span> <span class='ocrx_word' id='word_1_187' title='bbox 818 3547 878 3628; x_wconf 93' lang='lat' dir='ltr'>qui</span> <span class='ocrx_word' id='word_1_188' title='bbox 903 3546 939 3608; x_wconf 92' lang='lat' dir='ltr'>in</span> <span class='ocrx_word' id='word_1_189' title='bbox 963 3543 1114 3608; x_wconf 90' lang='lat' dir='ltr'>turribus</span> 
     </span>
     <span class='ocr_line' id='line_1_31' title="bbox 165 3643 1116 3725; baseline -0.001 -18"><span class='ocrx_word' id='word_1_190' title='bbox 165 3653 261 3709; x_wconf 90' lang='lat' dir='ltr'>erant</span> <span class='ocrx_word' id='word_1_191' title='bbox 287 3645 442 3725; x_wconf 90' lang='lat' dir='ltr'>requiem</span> <span class='ocrx_word' id='word_1_192' title='bbox 467 3645 710 3709; x_wconf 89' lang='lat' dir='ltr'>subtrahentes</span> <span class='ocrx_word' id='word_1_193' title='bbox 739 3653 774 3709; x_wconf 89' lang='lat' dir='ltr'>et</span> <span class='ocrx_word' id='word_1_194' title='bbox 804 3643 985 3708; x_wconf 89' lang='lat' dir='ltr'>audaciam</span> <span class='ocrx_word' id='word_1_195' title='bbox 1013 3644 1116 3707; x_wconf 87' lang='lat' dir='ltr'>resis-</span> 
     </span>
     <span class='ocr_line' id='line_1_32' title="bbox 166 3741 1117 3810; baseline -0.001 -4"><span class='ocrx_word' id='word_1_196' title='bbox 166 3744 269 3807; x_wconf 86' lang='lat' dir='ltr'>tendi.</span> <span class='ocrx_word' id='word_1_197' title='bbox 323 3741 396 3807; x_wconf 86' lang='lat' dir='ltr'>Alii</span> <span class='ocrx_word' id='word_1_198' title='bbox 411 3763 492 3807; x_wconf 90' lang='lat' dir='ltr'>vero</span> <span class='ocrx_word' id='word_1_199' title='bbox 514 3743 606 3810; x_wconf 78' lang='lat' dir='ltr'>infra</span> <span class='ocrx_word' id='word_1_200' title='bbox 628 3745 805 3808; x_wconf 90' lang='lat' dir='ltr'>machinas</span> <span class='ocrx_word' id='word_1_201' title='bbox 822 3751 857 3808; x_wconf 92' lang='lat' dir='ltr'>et</span> <span class='ocrx_word' id='word_1_202' title='bbox 874 3743 1019 3806; x_wconf 87' lang='lat' dir='ltr'>castella</span> <span class='ocrx_word' id='word_1_203' title='bbox 1035 3761 1117 3805; x_wconf 93' lang='lat' dir='ltr'>con-</span> 
     </span>
     <span class='ocr_line' id='line_1_33' title="bbox 167 3841 1115 3924; baseline -0.002 -20"><span class='ocrx_word' id='word_1_204' title='bbox 167 3843 289 3919; x_wconf 90' lang='lat' dir='ltr'>stituti,</span> <span class='ocrx_word' id='word_1_205' title='bbox 307 3861 385 3906; x_wconf 93' lang='lat' dir='ltr'>cum</span> <span class='ocrx_word' id='word_1_206' title='bbox 401 3844 563 3924; x_wconf 86' lang='lat' dir='ltr'>petrariis</span> <span class='ocrx_word' id='word_1_207' title='bbox 579 3857 614 3908; x_wconf 89' lang='lat' dir='ltr'>et</span> <span class='ocrx_word' id='word_1_208' title='bbox 631 3844 823 3908; x_wconf 89' lang='lat' dir='ltr'>trubuculis</span> <span class='ocrx_word' id='word_1_209' title='bbox 838 3842 986 3906; x_wconf 91' lang='lat' dir='ltr'>molares</span> <span class='ocrx_word' id='word_1_210' title='bbox 1003 3841 1115 3904; x_wconf 85' lang='lat' dir='ltr'>maxi·</span> 
     </span>
     <span class='ocr_line' id='line_1_34' title="bbox 167 3940 1116 4023; baseline 0.001 -21"><span class='ocrx_word' id='word_1_211' title='bbox 167 3960 238 4003; x_wconf 88' lang='lat' dir='ltr'>mos</span> <span class='ocrx_word' id='word_1_212' title='bbox 264 3948 300 4004; x_wconf 89' lang='lat' dir='ltr'>et</span> <span class='ocrx_word' id='word_1_213' title='bbox 322 3940 456 4023; x_wconf 89' lang='lat' dir='ltr'>lapides</span> <span class='ocrx_word' id='word_1_214' title='bbox 480 3942 666 4008; x_wconf 89' lang='lat' dir='ltr'>damnosos</span> <span class='ocrx_word' id='word_1_215' title='bbox 698 3944 741 4008; x_wconf 90' lang='lat' dir='ltr'>ad</span> <span class='ocrx_word' id='word_1_216' title='bbox 766 3943 895 4007; x_wconf 90' lang='lat' dir='ltr'>moenia</span> <span class='ocrx_word' id='word_1_217' title='bbox 916 3941 1116 4022; x_wconf 87' lang='lat' dir='ltr'>dirigentes,</span> 
     </span>
     <span class='ocr_line' id='line_1_35' title="bbox 168 4039 1117 4123; baseline 0.003 -23"><span class='ocrx_word' id='word_1_218' title='bbox 168 4040 243 4122; x_wconf 87' lang='lat' dir='ltr'>ipsa</span> <span class='ocrx_word' id='word_1_219' title='bbox 270 4040 447 4106; x_wconf 88' lang='lat' dir='ltr'>collisione</span> <span class='ocrx_word' id='word_1_220' title='bbox 465 4041 606 4105; x_wconf 89' lang='lat' dir='ltr'>assidua</span> <span class='ocrx_word' id='word_1_221' title='bbox 626 4049 661 4105; x_wconf 91' lang='lat' dir='ltr'>et</span> <span class='ocrx_word' id='word_1_222' title='bbox 676 4042 802 4106; x_wconf 90' lang='lat' dir='ltr'>ictibus</span> <span class='ocrx_word' id='word_1_223' title='bbox 818 4040 1041 4123; x_wconf 89' lang='lat' dir='ltr'>ingeminatis</span> <span class='ocrx_word' id='word_1_224' title='bbox 1058 4039 1117 4103; x_wconf 94' lang='lat' dir='ltr'>de-</span> 
     </span>
     <span class='ocr_line' id='line_1_36' title="bbox 167 4125 1119 4223; baseline 0.001 -21"><span class='ocrx_word' id='word_1_225' title='bbox 167 4138 302 4202; x_wconf 89' lang='lat' dir='ltr'>bilitare</span> <span class='ocrx_word' id='word_1_226' title='bbox 325 4147 360 4204; x_wconf 88' lang='lat' dir='ltr'>et</span> <span class='ocrx_word' id='word_1_227' title='bbox 380 4140 424 4203; x_wconf 90' lang='lat' dir='ltr'>ad</span> <span class='ocrx_word' id='word_1_228' title='bbox 450 4159 569 4204; x_wconf 89' lang='lat' dir='ltr'>casum</span> <span class='ocrx_word' id='word_1_229' title='bbox 596 4141 773 4223; x_wconf 88' lang='lat' dir='ltr'>impellere</span> <span class='ocrx_word' id='word_1_230' title='bbox 800 4125 1027 4222; x_wconf 77' lang='lat' dir='ltr'>satagebant3</span> <span class='ocrx_word' id='word_1_231' title='bbox 1059 4138 1119 4203; x_wconf 89' lang='lat' dir='ltr'>alii</span> 
     </span>
     <span class='ocr_line' id='line_1_37' title="bbox 168 4237 1118 4324; baseline 0.003 -26"><span class='ocrx_word' id='word_1_232' title='bbox 168 4256 245 4299; x_wconf 93' lang='lat' dir='ltr'>cum</span> <span class='ocrx_word' id='word_1_233' title='bbox 263 4239 450 4302; x_wconf 90' lang='lat' dir='ltr'>minoribus</span> <span class='ocrx_word' id='word_1_234' title='bbox 465 4240 633 4304; x_wconf 90' lang='lat' dir='ltr'>machinis</span> <span class='ocrx_word' id='word_1_235' title='bbox 650 4240 784 4324; x_wconf 87' lang='lat' dir='ltr'>lapides</span> <span class='ocrx_word' id='word_1_236' title='bbox 798 4241 944 4304; x_wconf 89' lang='lat' dir='ltr'>leviores</span> <span class='ocrx_word' id='word_1_237' title='bbox 965 4238 1009 4301; x_wconf 91' lang='lat' dir='ltr'>ad</span> <span class='ocrx_word' id='word_1_238' title='bbox 1028 4237 1118 4313; x_wconf 88' lang='lat' dir='ltr'>illos,</span> 
     </span>
    </p>
   </div>
   <div class='ocr_carea' id='block_1_8' title="bbox 72 4336 1118 4420">
    <p class='ocr_par' dir='ltr' id='par_1_8' title="bbox 72 4336 1118 4420">
     <span class='ocr_line' id='line_1_38' title="bbox 72 4336 1118 4420; baseline 0.002 -24"><span class='ocrx_word' id='word_1_239' title='bbox 72 4368 76 4374; x_wconf 90' lang='lat'><em>·</em></span> <span class='ocrx_word' id='word_1_240' title='bbox 168 4336 227 4416; x_wconf 93' lang='lat' dir='ltr'>qui</span> <span class='ocrx_word' id='word_1_241' title='bbox 254 4336 289 4399; x_wconf 88' lang='lat' dir='ltr'>in</span> <span class='ocrx_word' id='word_1_242' title='bbox 311 4340 582 4420; x_wconf 89' lang='lat' dir='ltr'>propugnaculis</span> <span class='ocrx_word' id='word_1_243' title='bbox 608 4342 762 4417; x_wconf 86' lang='lat' dir='ltr'>stabant,</span> <span class='ocrx_word' id='word_1_244' title='bbox 786 4345 1067 4418; x_wconf 87' lang='lat' dir='ltr'>contorquentes,</span> <span class='ocrx_word' id='word_1_245' title='bbox 1097 4354 1118 4398; x_wconf 97' lang='lat' dir='ltr'>a</span> 
     </span>
    </p>
   </div>
   <div class='ocr_carea' id='block_1_9' title="bbox 0 0 1579 5186">
    <p class='ocr_par' dir='ltr' id='par_1_9' title="bbox 0 0 1579 5186">
     <span class='ocr_line' id='line_1_39' title="bbox 0 0 1579 5186; baseline 0 0"><span class='ocrx_word' id='word_1_246' title='bbox 0 0 1579 5186; x_wconf 95' lang='lat' dir='ltr'> </span> 
     </span>
    </p>
   </div>
  </div>
 </body>
</html>
