3178 5194
455 535 522 599 lac
707 551 842 599 nocam
867 552 912 597 nr
936 551 1145 600 wuunovnn

296 723 420 765 arr-¹¹⁸⁹·
458 713 578 771 tanum
608 707 845 789 impediretur,
875 708 912 771 in
939 727 1017 771 cum
1042 714 1208 789 tanquam
1232 707 1269 770 in
1292 707 1413 770 Domi-

457 807 545 870 nicae
566 807 680 870 crucis
704 813 740 870 et
764 807 872 870 totius
897 806 1105 870 Christianae
1134 805 1310 886 religionis
1334 806 1415 868 snb-

458 909 640 971 versorem'
649 907 858 970 anctoritate
872 906 1001 969 do'mini
1019 909 1120 988 papae
1132 905 1341 968 sententiam
1351 924 1413 966 ex·

459 1005 782 1069 communicationis
806 1005 1093 1087 promulgarent}
1128 1004 1315 1085 sinumque
1337 1021 1412 1065 car-

459 1102 586 1198 dinalis
615 1105 822 1168 sententiam
846 1104 961 1167 tulit
952 1123 988 1191 .¹¹¹
1013 1121 1145 1192 ornneS,
1171 1110 1243 1186 tam
1269 1102 1413 1165 clericos

461 1191 565 1284 quam
578 1203 699 1280 laicoS,
715 1223 778 1284 per
791 1222 879 1285 quos
894 1209 1004 1267 staret
1016 1222 1104 1286 quo
1096 1201 1215 1266 minus
1230 1220 1302 1287 pax
1316 1201 1413 1264 fieret

459 1301 552 1364 inter
569 1321 682 1384 reges,
700 1301 807 1368 salvis
826 1301 1079 1367 tantummodo
1085 1293 1270 1366 eorundem
1293 1318 1413 1434 regum

460 1401 629 1482 personis.
1102 1427 1106 1437 ·

477 1573 622 1658 Epistola
630 1573 689 1656 fil
675 1595 701 1636 aa
695 1572 955 1658 marchionisde
968 1575 1156 1658 oppressione
1171 1582 1259 1636 terra
1275 1580 1397 1635 amicta.

302 1718 403 1761 aanor
512 1689 794 1760 ‘Cantuariensi¹
811 1695 1072 1779 archiepiscopo
1089 1695 1304 1776 Baldewino,
1321 1693 1415 1757 Con-

301 1769 383 1859 frmi-'¹
463 1794 582 1872 raduS,
600 1794 695 1857 lilius
721 1793 931 1858 marchionis
956 1794 999 1858 de
1020 1795 1158 1858 Monte·
1163 1793 1337 1868 Ferrario,
1357 1811 1415 1854 sa-

302 1865 584 1965 ffidhlutem.
641 1892 843 1957 Turbantur
870 1893 1047 1958 elementa
1069 1900 1106 1957 et
1128 1891 1313 1960 catholicae
1337 1891 1418 1954 fidei

302 1967 440 2016 mmm
465 1993 665 2074 derogatur,
688 1995 767 2054 cum
789 1991 887 2056 'sedes
909 1991 1230 2074 Hierosolymitana
1250 1981 1419 2072 apostoli·
1489 2029 1496 2044 ι

465 2112 515 2156 cae
545 2092 619 2155 sedi
643 2089 869 2154 subtrahitur.
915 2091 1034 2155 *Periit
1054 2091 1143 2154 enim
1171 2090 1418 2172 Hierosolyma

465 2197 501 2255 et
523 2190 659 2254 ⁴inertia
686 2189 962 2254 Christianorum
989 2209 1021 2253 a·
1041 2189 1232 2271 Saracenis
1251 2189 1418 2253 vilissime

464 2289 719 2372 pertractatum
754 2287 889 2353 foedant
923 2292 1075 2371 namque
1104 2288 1328 2352 Dominicum
1364 2307 1418 2350 se-

465 2389 660 2472 pulchrum,
690 2387 874 2452 destruunt
905 2387 1079 2452 Calvariae
1100 2387 1229 2465 loc'urn,
1254 2387 1420 2450 natiuita-

465 2494 536 2552 tem
556 2486 685 2551 Christi
703 2493 940 2566 contemnunt,
954 2494 989 2562 et
1004 2486 1278 2568 beatae.vir'ginis
1293 2485 1419 2549 Mariae

465 2586 641 2651 eradicant
666 2579 905 2668 ²sepulchrum
919 2605 928 2665 3
965 2586 1065 2649 sedes
1079 2589 1082 2596 '
1095 2585 1419 2666 Constantinopoli-

465 2693 549 2748 tana
563 2684 732 2747 Romanae
754 2684 828 2747 sedi
840 2684 982 2746 nullam
1003 2684 1146 2747 exhibet
1162 2684 1393 2756 reverentiam
1409 2704 1418 2763 ;

465 2781 681 2847 Antiocheno
706 2781 842 2862 quidem
868 2783 1028 2844 laborare
1056 2782 1273 2863 dignoscitur
1296 2782 1331 2845 in
1358 2801 1419 2843 ex-

466 2883 596 2946 tremis.
647 2880 736 2944 Haec
759 2888 875 2943 autem
898 2880 1015 2942 omnia
1033 2879 1311 2942 Christianorum
1335 2885 1419 2943 nos-

465 2987 591 3045 cuntur
619 2976 750 3043 desidia
773 2977 974 3059 contigisse.
1028 2977 1200 3058 Lugenda
1225 2984 1281 3041 est
1302 2986 1421 3042 autem

465 3078 590 3144 civitas
623 3077 844 3141 Hierusalem
878 3083 1002 3140 sancta
1041 3084 1147 3159 atque
1180 3077 1422 3154 lamentanda,

466 3197 546 3260 qnae
576 3179 647 3241 suis
673 3176 871 3241 cultoribus.
894 3175 1058 3258 spoliata,
1085 3176 1145 3239 ubi
1167 3175 1330 3257 Christus
1360 3197 1422 3259 per

466 3275 570 3340 horas
600 3276 669 3340 diei
698 3295 739 3340 ac
768 3275 897 3338 noctis.
916 3275 1126 3339 constitutas
1156 3275 1422 3356 deprecabatur,

467 3393 559 3438 nunc
582 3374 764 3438 Mahnmet
785 3373 926 3439 excelsa
952 3392 1037 3438 voce
1063 3373 1240 3438 laudatur.
1282 3374 1422 3454 Vestrae

466 3470 574 3552 igitur
596 3472 938 3554 celsitudinipreces
964 3492 1043 3536 cum
1064 3472 1253 3556 lachrymis
1280 3474 1422 3556 porrigo

466 3567 574 3647 susas,
587 3573 759 3653 qnatenus
782 3572 1020 3636 calamitatum
1037 3579 1139 3635 terrae
1162 3579 1295 3635 sanctae
1317 3573 1421 3652 mise<

466 3667 534 3730 reri
559 3666 760 3750 dignemini,
789 3677 829 3734 ut
856 3670 1059 3735 confortetis
1085 3689 1199 3752 rogeS,
1225 3690 1423 3735 commone-

466 3763 535 3826 atis
563 3765 694 3844 fideles,
729 3777 779 3844 ut,
813 3770 955 3832 canibus
980 3770 1138 3851 expulsis
1164 3789 1186 3832 a
1211 3769 1422 3851 patrimonio

466 3857 490 3922 J
493 3878 554 3924 esu
578 3863 721 3943 Christi,
745 3867 1019 3931 misericorditer*
1036 3869 1258 3945 subveniant,
1282 3869 1422 3932 vincula

466 3957 618 4039 solvant,
636 3971 674 4028 ut
697 3972 789 4029 terra
812 3966 941 4030 sanctis
963 3967 1108 4048 pedibus
1134 3965 1329 4031 Salvatoris
1349 3968 1422 4031 oal-

502 4215 716 4290 masmana]
740 4228 865 4290 Compare
883 4230 928 4278 Di·
993 4227 1195 4299 'Sepulchramff
1214 4234 1222 4260 ‘
1231 4233 1263 4281 de
1280 4234 1347 4282 valle
1364 4235 1424 4284 Jos-

466 4289 530 4346 ceto,
541 4287 589 4336 col.
601 4293 659 4340 ota.
958 4301 1052 4361 aphat3
1045 4301 1062 4329 ·‘
1078 4303 1179 4350 Diceto.
