3144 5180
406 531 547 582 rnouns
569 533 838 582 ursromsauu.
1030 514 1098 582 268

142 683 242 750 uncis
265 682 386 747 ferreis
411 692 446 748 et
470 685 589 767 ignitis
618 706 679 770 per
699 686 819 750 oculos
845 694 882 753 et
903 705 1016 765 nares,
1036 685 1096 751 alii
1108 702 1232 744 err-11⁵³.

142 804 205 866 per
226 802 330 847 aures
352 789 387 846 ct
405 783 536 861 fauces,
559 784 619 848 alii
642 804 704 866 per
728 775 907 850 testiculos
929 792 964 849 et
987 755 1258 899 mam-{mil

144 883 268 959 millas,
293 902 357 946 nec
387 881 478 949 inter
502 883 604 948 fletus
632 884 776 948 miseros
799 885 1039 949 universorum
1061 892 1096 948 et
1122 857 1213 899 'm'

144 982 297 1064 ejulatus
324 969 471 1062 flagella
487 982 683 1049 daemonum
710 982 895 1047 defuerunt
914 1004 922 1062 ;
946 1002 1095 1066 cumque

36 1075 39 1084 ’
146 1081 291 1148 militem
308 1080 377 1157 hic,
395 1081 485 1147 sicut
500 1081 536 1144 in
552 1081 631 1144 aliis
648 1081 773 1164 poenis,
788 1083 919 1146 inimici
936 1090 1096 1164 torquere

144 1179 350 1256 voluissent,
377 1199 501 1244 nomen
532 1179 664 1246 Christi
694 1180 874 1246 invocavit
901 1188 937 1246 et
963 1181 1094 1246 illaesus

146 1279 269 1345 evasit.

410 1379 460 1442 Do
473 1376 661 1460 rotasorrea
676 1377 832 1463 stipulis.

194 1500 253 1565 Ab
275 1501 337 1565 illo
359 1500 490 1583 poenali
509 1500 587 1563 loco
609 1500 784 1564 daemones
807 1500 952 1563 militem
974 1499 1096 1581 impel-

148 1599 258 1663 lentes
281 1606 449 1664 venerunt
479 1598 522 1662 ad
552 1605 665 1662 rotam
691 1598 866 1680 quandam
892 1598 1037 1662 ferream
1061 1591 1108 1662 et'

148 1698 305 1778 ignitam,
337 1699 436 1783 cujus
464 1698 552 1761 radii
577 1704 613 1761 et
634 1698 752 1760 canthi
783 1697 881 1760 uncis
909 1696 1028 1761 ferreis
1061 1704 1097 1760 et

151 1797 270 1877 ignitis
295 1803 395 1860 erant
423 1796 575 1879 undique
597 1795 802 1873 circumfixi,
828 1797 864 1858 in
886 1795 1012 1877 quibus
1034 1795 1096 1860 ho·

150 1897 257 1959 mines
287 1895 475 1977 pendentes
508 1914 529 1958 a
558 1895 697 1958 flamma
729 1895 810 1958 tetri
851 1893 1096 1976 sulphureique

149 1993 310 2071 incendii,
326 2014 404 2077 quae
427 2013 448 2058 a
466 2000 559 2058 terra
580 1994 755 2074 surgebat,
778 1993 931 2074 graviter
949 1994 1096 2056 ureban-

150 2101 225 2174 tur;
259 2093 351 2156 hanc
372 2093 462 2157 enim
492 2098 604 2156 rotam
623 2091 797 2154 daemones
819 2097 918 2154 tanta
940 2090 1097 2172 agilitate

149 2192 387 2274 impingebant
402 2192 558 2256 vectibus
579 2191 784 2272 quibusdam
806 2189 938 2265 ferreis,
957 2197 997 2252 ut
1019 2188 1096 2251 nul·

149 2291 218 2353 lnm
242 2291 382 2356 omnino
403 2291 575 2353 hominem
595 2291 640 2353 ah
667 2290 736 2354 alio
763 2289 876 2371 possis
892 2288 1095 2364 discernere,

147 2391 232 2472 quia
252 2409 326 2472 prae
344 2390 448 2453 nimia
470 2407 592 2452 cursus
615 2389 790 2452 celeritate
812 2387 896 2450 nibil
919 2387 985 2450 nisi
1005 2386 1097 2468 ignis

149 2489 345 2552 incendium
368 2489 579 2570 apparebat3
602 2491 666 2551 nec
682 2488 806 2551 minori
821 2493 993 2550 tormento
1013 2505 1099 2550 vex.-

149 2589 300 2652 ahantur
314 2587 362 2664 hi,
374 2588 446 2669 qni,
455 2588 606 2651 verubus
621 2587 790 2663 transfixi,
803 2586 845 2648 ad
862 2586 978 2667 ignem
991 2585 1101 2648 assati

149 2687 422 2768 deguttabantur
454 2705 476 2750 a
505 2685 719 2750 daemonibus
745 2705 790 2748 ex
813 2684 963 2772 metallis
989 2684 1099 2766 lique·

150 2785 265 2862 trous,
294 2785 349 2848 vel
375 2783 436 2866 qui
461 2784 657 2848 fornacibus
684 2784 937 2858 cremabantur,
963 2801 1025 2846 seu
1048 2779 1100 2842 illi

149 2885 208 2965 qui
232 2882 268 2946 in
291 2883 524 2965 sartaginibus
542 2883 766 2964 frigebantur.
818 2881 917 2944 Vidit
932 2886 1100 2963 praeterea

152 2983 263 3059 miles,
291 2982 506 3047 trahentibus
533 3002 612 3045 eum
642 2980 809 3044 ministris
836 2980 1009 3054 tartareis,
1037 2978 1099 3040 do·

151 3100 246 3143 mum
280 3081 467 3144 innumeris
503 3080 664 3144 caldariis
696 3080 847 3162 plenam,
876 3097 965 3159 quae,
993 3076 1100 3158 piceis

150 3179 417 3262 sulphureisque
445 3179 689 3262 liquaminibus
723 3197 764 3240 ac
795 3177 940 3240 diversis
968 3174 1101 3256 repleta

152 3279 377 3342 bullientibus
407 3278 567 3355 metallis,
599 3278 753 3340 hemines
783 3276 964 3356 utriusque
994 3292 1099 3336 sexus

152 3379 265 3442 omnis
287 3377 494 3440 conditionis
516 3384 551 3440 et
575 3375 689 3439 aetatis
704 3375 927 3451 continebat3
954 3391 1099 3454 quorum

151 3477 293 3560 quidam
311 3496 356 3540 ex
370 3483 456 3551 toto,
476 3475 616 3557 quidam
639 3493 749 3556 usque
769 3472 953 3555 supercilia
967 3477 1003 3534 et
1019 3489 1101 3533 ocu-

153 3576 219 3653 los,
241 3575 302 3638 alii
327 3593 437 3656 usque
454 3574 498 3637 ad
524 3574 617 3637 labia
641 3580 676 3636 et
702 3572 805 3648 colla,
824 3571 884 3634 alii
909 3571 953 3633 ad
980 3575 1100 3652 pectus

151 3693 264 3757 usque
288 3680 326 3737 et
349 3673 491 3750 femora,
514 3672 574 3736 alii
596 3673 640 3736 ad
662 3689 777 3752 genua
799 3689 909 3752 usque
930 3676 965 3732 ct
987 3687 1101 3745 crura,

154 3774 214 3838 alii
236 3791 376 3836 manum
399 3791 503 3835 unam
519 3771 575 3836 vel
596 3770 731 3854 pedem,
753 3769 814 3833 alii
836 3770 955 3831 ambas
978 3787 1101 3831 manus

153 3879 188 3937 et
213 3871 333 3954 pedes,
356 3872 393 3934 in
415 3871 575 3934 caldariis
602 3871 821 3945 tenebantur,
835 3875 870 3931 et
886 3885 1004 3930 omnes
1029 3885 1101 3947 prae

150 3971 283 4035 'doloris
325 3971 488 4050 angustia
520 3969 756 4033 vociferabant
789 3987 830 4029 ac
862 3964 1103 4028 miserabiliter

155 4070 356 4153 ejulabant3
385 4074 432 4145 et,
458 4087 535 4131 cum
559 4068 746 4151 coepissent
765 4067 939 4129 daemones
959 4062 1112 4126 militem·

153 4188 232 4231 cum
255 4168 333 4231 aliis
358 4168 589 4250 submergere,
611 4167 778 4231 liberatus
805 4170 858 4227 est
887 4161 1016 4226 Christi
1040 4178 1103 4224 no-

154 4268 246 4330 rnine
262 4268 436 4330 invocato.
