3178 5194
456 535 522 604 410
708 550 844 598 noonnr
868 551 916 596 nn
939 549 1146 598 wunnovrn

295 728 416 769 nonni.
456 727 590 774 marcas
611 709 687 773 auri
707 707 897 772 liberaliter
913 707 1121 788 assignavit,
1140 713 1175 770 et
1197 705 1248 770 sic
1264 706 1301 770 in
1318 705 1411 771 Nor-

454 809 632 876 manniam
663 807 910 874 transfretavit.
970 805 1107 885 Quibus
1138 806 1259 888 utiquo
1288 806 1408 870 diebus

453 908 526 972 dux
549 909 726 972 Saxonum
749 906 926 971 Henricus
948 913 984 970 et
1003 925 1110 988 gener
1131 904 1224 988 regis
1237 905 1282 970 ab
1303 906 1410 987 impe-

453 1015 569 1073 ratore
593 1009 630 1071 in
657 1007 799 1071 exilium
826 1005 948 1087 pulsus
971 1005 1007 1070 iu
1036 1004 1290 1070 Normanniam
1311 1006 1408 1069 venit

453 1107 498 1171 ad
519 1126 648 1188 regem,
671 1106 799 1169 ducens
819 1124 936 1168 secum
959 1104 1132 1168 ducissam
1150 1111 1186 1168 et
1206 1105 1294 1168 duos
1317 1104 1407 1168 filios

452 1207 542 1290 ejus,
566 1206 757 1270 Henricum
780 1212 816 1268 et
842 1202 1036 1283 Othonem3
1066 1211 1101 1268 et
1123 1223 1185 1286 per
1206 1210 1278 1268 tres
1295 1221 1405 1267 annos

451 1306 628 1370 exhibitus
656 1311 710 1369 est
737 1323 759 1368 a
784 1303 896 1386 regali
922 1303 1159 1367 munificentia
1184 1302 1222 1367 in
1245 1303 1405 1367 omnibus

451 1406 535 1471 vitee
556 1404 758 1470 necessariis
780 1403 1006 1468 abundanter.
1047 1403 1178 1467 Eodem
1200 1422 1291 1467 anno
1305 1401 1406 1467 Wal-

451 1512 545 1569 terus
573 1504 617 1567 de
640 1503 867 1581 Constantiis,
893 1501 1155 1566 archidiaconus
1179 1501 1403 1577 OxoniensiS,

450 1610 672 1668 consecratus
701 1609 756 1666 est
788 1603 972 1684 episcopus
1006 1601 1259 1666 Lincoluiensis
1286 1619 1308 1664 a
1338 1600 1402 1665 Ri-

449 1701 592 1780 chardo,
622 1701 865 1766 cantuariensi
892 1701 1164 1784 archiepiscopo,
1187 1699 1402 1782 Andegavis,

448 1802 484 1864 in
499 1801 645 1866 ecclesia
656 1801 771 1864 sancti
785 1799 908 1864 Laudi.
948 1800 1079 1864 Eodem
1097 1820 1189 1866 anno
1203 1802 1289 1866 obiit
1304 1799 1402 1865 Wal-

448 1908 555 1980 terus,
571 1900 747 1965 Roffensis
766 1900 962 1982 episcopus.

496 2097 546 2161 De
559 2106 653 2162 morte
668 2097 808 2162 Simonis
822 2095 942 2162 addetis
956 2105 984 2163 et
997 2099 1178 2164 mereseium
1195 2100 1343 2165 denuoi.

284 2239 407 2281 nonio.
496 2222 602 2288 Anno
630 2223 771 2286 Domini
799 2238 1031 2300 ucnxxxm,
1058 2222 1223 2287 defuncto
1248 2223 1400 2301 Simone,

283 2290 433 2409 i'rssifflsnt
447 2323 572 2386 abbate
589 2322 631 2386 de
646 2329 768 2386 sancto
783 2320 935 2397 Albano,
952 2315 1147 2398 ¹WarinuS‚
1165 2323 1328 2406 ejusdem·
1342 2344 1398 2388 ec·

283 2389 431 2432 dam*
445 2422 560 2485 clesiae
582 2423 688 2504 prior,
711 2421 891 2498 successit,
918 2427 954 2484 et
978 2422 1014 2484 in
1037 2420 1092 2484 die
1116 2423 1312 2487 nativitatis
1332 2424 1399 2488 Dei

444 2521 621 2602 genitricis
639 2520 774 2584 abbatis
789 2520 1063 2584 benedictionem
1079 2522 1243 2605 suscepit.

642 2693 692 2756 De
705 2701 800 2756 morte
813 2691 957 2770 Hestiai,
973 2692 1053 2777 regis
1059 2692 1197 2776 juvenis.

282 2835 431 2878 nantinus
502 2814 605 2879 Circa
646 2816 719 2880 dies
761 2817 848 2881 istos
888 2835 952 2879 rex
984 2816 1160 2882 Henricus
1192 2817 1391 2898 diligentem

280 2887 413 2985 ffluns
441 2934 581 2996 operam
618 2915 797 2997 impendit,
836 2921 876 2978 ut
914 2914 976 2979 filii
1007 2916 1097 2999 ejuS,
1130 2915 1318 2980 (laufridus
1347 2917 1390 2979 de

442 3014 623 3078 Britannia
652 3022 687 3079 et
714 3014 912 3078 Richardus
936 3015 980 3078 de
1002 3014 1132 3080 ducatu
1154 3014 1391 3098 Aquitanniae,

440 3114 640 3195 homagium
669 3113 824 3178 facerent
856 3114 928 3178 filio
960 3133 1025 3178 suo
1055 3115 1285 3197 primogenito
1318 3117 1392 3196 regi

441 3213 609 3278 Henrico.
662 3213 766 3293 Quod
789 3214 926 3296 quidem
950 3221 1050 3296 pater
1066 3215 1181 3296 petiit,
1199 3214 1389 3279 Gaufridus

440 3313 483 3376 de
499 3314 667 3378 comitatu
687 3313 879 3377 Britanniae
896 3319 1077 3394 gratanter
1094 3314 1301 3396 complevit3
1326 3315 1391 3378 Ri-

439 3413 588 3475 chardus
616 3433 711 3490 vero,
742 3432 821 3476 cum
853 3419 997 3494 rogatus
1029 3431 1050 3476 a
1080 3420 1180 3494 patre
1211 3413 1246 3477 id
1276 3415 1390 3496 ipsum

439 3511 553 3576 facere
580 3511 767 3590 debuisset,
798 3512 852 3575 ira
889 3511 1069 3575 incanduit
1102 3512 1309 3590 vehementi,
1339 3514 1391 3576 in-

439 3630 629 3692 congruum
657 3617 732 3674 esse
762 3611 891 3688 dicens
914 3629 993 3674 cum
1011 3612 1131 3676 eodem
1157 3620 1257 3694 patre
1285 3619 1389 3677 etex

437 3710 557 3774 eadem
587 3717 698 3775 matre
728 3710 895 3774 ducerent
923 3711 1103 3792 originem,
1135 3712 1177 3787 si,
1208 3720 1307 3794 patre
1336 3713 1388 3775 vi-

437 3816 552 3886 vente,
571 3809 713 3873 fratrem
735 3802 1007 3892 primogenitum
1026 3811 1143 3892 aliqua
1164 3811 1389 3894 subjectionis

436 3909 551 3990 specie
569 3910 779 3992 superiorem
796 3916 1046 3990 agnoscerent3
1078 3911 1151 3988 sed,
1175 3910 1266 3974 sicut
1288 3910 1388 3974 fratri

436 4008 668 4089 primogenito
685 4009 777 4072 bona
793 4008 963 4072 debentur
979 4017 1136 4091 paterna,
1160 4009 1211 4073 sic
1233 4011 1268 4072 in
1287 4010 1387 4073 bouis

435 4109 601 4170 maternis
620 4107 816 4172 Richardus
828 4108 1081 4173 successionem
1095 4108 1285 4190 legitimam
1303 4129 1387 4175 ven·

575 4325 583 4362 ¹
593 4325 734 4400 iverim]
752 4331 799 4380 See
810 4331 851 4380 his
861 4332 905 4381 lile
917 4333 950 4396 by
963 4334 1039 4383 Mart.
1052 4335 1136 4397 ibris,
1148 4350 1173 4395 p.
1183 4338 1224 4386 94.
