3138 5184
430 509 495 580 192
678 524 812 572 noennr
837 523 883 570 nn
908 499 1120 571 wnunovnri·

266 701 389 741 nunu.
427 672 573 750 insidiis,
607 691 694 755 quas
726 673 759 737 ei
791 678 1013 755 paraverant,
1044 669 1238 735 nescienter
1268 671 1383 736 intru-

428 793 500 850 sus,
529 792 574 836 ex
601 771 753 836 hostium
780 771 1000 835 multitudine
1029 763 1172 853 repente
1194 790 1384 852 oppressus

427 873 464 936 in
485 872 603 954 sugam
629 870 857 955 compellitur,
882 871 1087 940 necessitate
1110 870 1321 951 compulsus,
1343 873 1385 935 in

427 972 505 1036 loco
534 970 731 1035 certaminis
764 970 886 1035 relicto
908 969 1058 1056 uexillo;
1090 966 1261 1032 Amulius
1291 989 1385 1052 quo-

428 1091 495 1153 que
524 1069 722 1153 patriarcha
754 1076 789 1134 et
820 1069 879 1133 alii
908 1069 1093 1150 principes,
1124 1068 1184 1150 qui
1213 1087 1292 1132 cum
1316 1068 1384 1158 illo

428 1176 539 1246 erant,
559 1169 688 1234 relictis
711 1169 835 1232 castris
857 1187 897 1232 ac
918 1168 1018 1235 rebus
1041 1167 1211 1243 omnihus,
1231 1169 1386 1249 turpiter

428 1268 659 1350 aufugerunt;
699 1267 896 1332 ceciderunt
924 1267 971 1330 ibi
1008 1286 1052 1330 ex
1083 1267 1210 1330 nostris
1243 1267 1383 1348 equites

428 1368 573 1449 triginta
593 1374 628 1431 et
648 1366 782 1448 pedites
805 1365 898 1430 mille
924 1366 1116 1448 quingenti.
1167 1364 1273 1429 Turci
1294 1386 1382 1430 vero

429 1467 578 1530 scientes
593 1465 744 1547 reliquas
762 1465 860 1547 regni
879 1472 996 1548 partes
1012 1463 1135 1529 militia
1151 1483 1279 1542 carere,
1295 1466 1385 1528 mis-

429 1567 477 1628 sis
492 1565 535 1628 de
550 1565 622 1628 suis
634 1565 754 1647 copiis,
767 1570 947 1646 coeperunt
962 1565 999 1628 iu
1009 1564 1115 1628 variis
1133 1563 1290 1646 partibus
1306 1566 1389 1628 uni-

429 1683 567 1729 versam
592 1669 717 1727 terram
741 1663 964 1746 perlustrare,
986 1662 1098 1727 caedes
1122 1663 1252 1744 passim
1269 1670 1305 1726 et
1330 1664 1386 1726 in·
1473 1725 1475 1728 .

429 1762 551 1828 cendia
578 1761 726 1844 operari,
756 1762 937 1844 effringere
963 1762 1173 1839 suburbana,
1203 1761 1385 1844 captivare

429 1861 585 1940 colonos,
615 1863 651 1924 in
677 1861 770 1927 villis
798 1868 834 1926 et
865 1860 1003 1944 oppidis
1033 1861 1170 1943 praedas
1200 1879 1316 1926 secum
1344 1870 1386 1927 et

429 1961 594 2024 manubia
613 1960 868 2026 contrahentes.
921 1961 1001 2025 Rex
1022 1967 1138 2024 autem
1157 1960 1390 2024 Baldewinus

429 2061 610 2124 castellum
629 2060 814 2142 quoddam,
831 2060 923 2142 quod
947 2059 1002 2123 sui
1020 2059 1111 2143 juris
1133 2067 1221 2137 erat,
1243 2061 1390 2142 fugiens

429 2160 618 2240 ingressus,
644 2160 778 2232 tamdiu
807 2161 845 2223 in
871 2179 912 2224 eo
941 2161 986 2224 ah
1017 2158 1174 2224 hostibus
1203 2160 1389 2224 obsidione
1494 2214 1497 2220 .

430 2258 581 2323 vallatus
611 2266 676 2336 est,
702 2277 883 2342 quousque
914 2277 956 2322 eo
984 2264 1087 2340 pacto
1113 2258 1270 2322 redderet
1294 2257 1384 2322 illud

431 2357 493 2435 eis,
508 2366 548 2422 ut
561 2378 639 2422 cum
656 2358 727 2422 suis
743 2356 787 2422 ad
802 2357 943 2439 propria
956 2357 1042 2422 liber
1059 2356 1229 2421 sineretur
1245 2357 1352 2421 abire.

462 2532 552 2616 Quod
563 2555 617 2598 ren
631 2532 787 2598 Heracleus
793 2533 874 2618 feeit
879 2531 1065 2616 fidelitates
1073 2529 1189 2616 jurare
1194 2528 1267 2611 filio
1282 2549 1346 2592 suo.

265 2676 390 2765 affl·
480 2657 585 2721 Anno
605 2655 747 2721 Domini
768 2671 898 2722 ucxw.
917 2675 978 2720 rex
995 2653 1189 2736 Anglorum
1206 2650 1388 2714 Henricus

266 2775 407 2865 {optumae
429 2755 511 2821 fecit
532 2775 652 2820 omnes
674 2775 747 2820 suae
768 2755 954 2837 potestatis
975 2761 1156 2835 magnates
1179 2750 1385 2815 fidelitatem

384 2851 390 2864 '
424 2855 546 2939 jurare
580 2854 758 2921 Willelmo
790 2854 862 2918 lilio
895 2873 972 2930 suo,
1001 2871 1104 2935 quem
1134 2856 1314 2934 pepererat
1350 2850 1385 2911 ei

431 2954 589 3018 Matildis
614 2955 735 3036 regina
757 2973 833 3018 sua.
886 2952 1016 3017 Eodem
1042 2970 1145 3026 anno,
1167 2969 1283 3013 mense
1307 2947 1389 3012 De-

430 3053 589 3130 cembris
611 3053 734 3118 caelum
762 3059 904 3135 repente
931 3052 1056 3114 rubens
1084 3049 1246 3132 apparuit
1278 3066 1319 3111 ac
1351 3047 1388 3109 si

431 3151 585 3232 arderet3
608 3153 692 3217 luna
709 3152 863 3235 eclipsim
880 3168 984 3233 passa
1000 3155 1066 3214 est.

430 3321 478 3386 De
492 3322 710 3388 consecutiam
724 3321 868 3404 liudulfi,
888 3318 1121 3385 Cantaurianos
1137 3316 1372 3403 archiepiscopi.

268 3464 419 3556 3333}pr
481 3446 585 3510 Anno
608 3444 749 3509 Domini
771 3461 887 3520 ucxu
909 3449 1129 3534 consecratus
1151 3449 1206 3505 est
1229 3435 1387 3505 ¹Radul-

268 3565 376 3615 ornan,
431 3518 774 3621 fuscantuariensis
794 3542 1086 3624 archiepiscopus,
1104 3541 1317 3616 Cantuariae,
1337 3541 1386 3602 ab

269 3615 626 3718 tiltlltllnnselmot
641 3641 770 3706 domini
792 3661 894 3724 papae
919 3640 1049 3722 legato,
1071 3640 1192 3722 quinto
1215 3638 1387 3702 kalendas

432 3740 532 3820 Julii,
554 3748 590 3805 et
611 3741 754 3825 pallium
777 3741 886 3804 abeo
913 3740 1085 3821 suscepit3
1118 3747 1155 3802 et
1181 3736 1300 3801 eodem
1327 3736 1388 3800 die

432 3840 523 3903 idem
532 3839 810 3922 archiepiscopus
821 3836 1335 3921 TheophilumWigorniensem
1349 3843 1387 3899 et

434 3938 647 4002 Bernardum
676 3937 922 4003 Menevensem
948 3936 1123 4000 antistites
1155 3935 1387 3999 consecravit.

468 4159 629 4223 ¹liudulfus]
652 4161 694 4210 He
713 4161 773 4210 held
789 4161 831 4210 the
851 4175 893 4210 see
954 4156 1103 4220 materna]
1116 4157 1158 4206 He
1167 4171 1223 4206 was
1232 4155 1387 4217 archbishop

432 4230 502 4291 eight
509 4245 583 4292 years
592 4230 643 4279 and
650 4231 690 4279 six
698 4230 806 4294 months,
815 4230 893 4292 dying
920 4228 1046 4278 Anselm’s
1069 4226 1187 4288 nephew,
1206 4224 1342 4286 according
1361 4231 1391 4274 to

432 4313 464 4346 on
476 4299 517 4347 the
529 4300 589 4348 2οὼ
600 4300 659 4348 Oct.
670 4303 742 4349 1122.
914 4298 1045 4358 ¹Eadmer3
1064 4297 1133 4346 Hist.
1146 4296 1214 4345 Nor.
1225 4311 1252 4357 p.
1264 4297 1321 4344 112.
