3178 5194
331 755 387 796 A-D.
397 754 457 796 1170.

490 565 557 632 356
747 580 880 628 nocant
904 579 951 628 nn
973 575 1182 628 vvnnnovnn

493 737 639 803 wodeet
653 755 771 801 eorum
778 736 978 821 juramento
992 735 1129 800 faciatis
1145 729 1347 818 recognosci
1361 729 1445 818 quid

493 839 541 901 ibi
564 837 709 901 habetur
732 837 774 900 de
796 836 897 901 feodo
915 836 1238 919 archiepiscopatus
1261 834 1447 898 Cantuari·

495 937 599 1013 ensis,
621 943 657 1000 et
682 935 774 1018 quod
798 935 1012 1017 recognitum
1041 933 1145 998 fuerit
1174 952 1250 997 esse
1275 934 1318 998 de
1343 933 1446 998 feodo

495 1035 570 1119 ejus
590 1035 658 1117 ipsi
680 1034 815 1099 faciatis
837 1035 973 1097 babere.
1010 1031 1160 1098 Valete.’
1205 1032 1275 1096 His
1295 1032 1347 1096 ita
1367 1025 1447 1115 ges-

496 1135 554 1211 tis,
571 1132 737 1210 ThomaS,
764 1133 970 1196 venerabilis
997 1131 1258 1196 cantuariensis
1281 1131 1449 1214 archiepi-

489 1241 632 1315 scopus,
652 1239 837 1314 anteqnam
860 1231 903 1294 ad
919 1229 1085 1312 Angliam
1101 1229 1353 1308 transfretaret,
1372 1226 1447 1295 Ro-

489 1343 589 1395 'mam
609 1331 716 1408 misit,
738 1330 876 1394 domino
899 1349 999 1413 papae
1019 1329 1240 1407 denuntians,
1257 1329 1349 1411 quod
1369 1349 1449 1394 cum

497 1451 579 1512 rege
596 1428 792 1511 Anglorum
816 1428 958 1512 pacifice
978 1429 1207 1493 convenisset.
1264 1427 1365 1511 Papa
1386 1449 1450 1493 au·-

498 1536 568 1593 tem
589 1529 704 1592 Deum
732 1527 931 1610 glorificans
953 1528 1073 1591 literas
1098 1529 1130 1591 ei
1155 1527 1343 1612 rescripsit,
1368 1531 1449 1611 quae

334 1640 479 1730 Letgrtoofthe
498 1634 713 1710 sequuntur;
732 1625 938 1691 ‘Anxietate
953 1625 1066 1690 cordis
1077 1633 1112 1690 et
1126 1627 1352 1690 amaritudine
1367 1648 1446 1708 pre-

337 1697 420 1780 Boecket
425 1749 452 1778 on

337 1791 371 1829 hir
379 1789 472 1829 reconci-

336 1839 419 1879 llation.

499 1727 624 1790 mimur
645 1745 723 1789 cnm
744 1726 936 1807 angustias,
957 1745 1072 1807 onera
1081 1732 1116 1789 et
1133 1727 1346 1807 gravamina,
1367 1746 1448 1814 quae

499 1809 574 1888 zelo
587 1824 735 1909 justitiae
748 1832 787 1889 et
801 1845 864 1911 pro
881 1825 982 1888 libert
968 1825 1041 1889 tate
1055 1825 1208 1889 ecclesiae
1225 1831 1449 1888 manutenen-

500 1924 545 1988 da
567 1927 668 2004 aequo
695 1924 810 1988 animo
836 1931 871 1988 et
897 1922 1004 1988 invict
1006 1943 1028 1987 a
990 1923 1252 1988 tfortitudine
1280 1925 1435 1988 ttoleras
1410 1931 1451 2002 ιι,

500 2023 544 2086 ad
571 2022 770 2086 memoriam
800 2023 993 2087 reducimus
1018 2030 1054 2086 et
1080 2023 1304 2087 meditatione
1329 2023 1452 2087 sedula

500 2122 716 2204 cogitamus}
740 2128 977 2200 veruntamen,
996 2129 1035 2185 ut
1054 2122 1090 2184 in
1108 2128 1144 2185 te
1160 2122 1299 2186 virtutis
1319 2123 1453 2205 perfec·

397 2281 399 2285 .
501 2221 631 2284 tionem
652 2221 870 2303 adimpleres,
891 2240 961 2285 non
983 2221 1127 2302 potuisti
1147 2219 1261 2302 frangi
1280 2221 1451 2299 adversis,

336 4019 417 4059 Becket

334 4075 419 4108 return·
428 4072 451 4109 to

336 4119 445 4170 Englandr

500 2339 564 2384 nec
587 2340 609 2383 a
633 2326 703 2383 tuae
729 2320 934 2384 constantiae
959 2319 1136 2402 proposito
1160 2320 1325 2396 amoveri,
1352 2327 1451 2384 tuam

500 2437 605 2501 super
627 2419 692 2482 boc
713 2418 951 2482 admirandam
971 2417 1250 2508 commendamus
1273 2411 1451 2497 virtutem,

501 2523 537 2580 et
554 2517 616 2581 tibi
633 2537 737 2600 super
750 2524 850 2583 tanta
864 2517 1034 2600 patientia
1047 2514 1083 2580 in
1100 2517 1252 2581 Domino
1265 2518 1451 2600 plurimum

501 2615 768 2696 congaudemus.
802 2615 989 2693 Caeterum,
1005 2617 1167 2698 qnoniam
1184 2635 1299 2698 regem
1314 2615 1453 2699 'Anglo-

502 2733 578 2777 rum
599 2715 728 2778 diutius
754 2715 790 2777 in
812 2715 981 2797 patientia
1002 2721 1037 2778 et
1059 2715 1273 2796 benignitate
1295 2718 1452 2798 portavi·

501 2832 590 2889 mus,
611 2820 647 2877 et
665 2812 802 2876 blandis
826 2812 1053 2896 dulcibusque
1070 2815 1196 2891 verbis,
1217 2822 1254 2879 et
1275 2815 1451 2879 interdum

502 2911 597 2974 duris
622 2918 657 2976 et
682 2912 892 2993 asperiS„'ut
911 2913 958 2976 ad
984 2931 1022 2976 se
1048 2913 1175 2976 rediret
1198 2931 1291 2996 saepe
1314 2916 1454 2978 monui-

501 3029 590 3086 mus,
619 3011 649 3074 si
678 3029 810 3093 pacem,
839 3030 943 3093 quam
974 3019 1088 3076 tecum
1118 3007 1211 3089 fecit,
1241 3015 1452 3078 executione

490 3111 614 3190 operis
634 3129 703 3173 non
724 3109 929 3193 impleverit,
950 3118 985 3174 et
1004 3111 1067 3174 tibi
1087 3131 1128 3175 ac
1149 3111 1218 3175 tuis
1239 3119 1275 3175 et
1293 3113 1452 3177 ecclesiae

500 3214 570 3272 tuae
601 3209 837 3292 possessiones
863 3216 898 3272 et
921 3209 1069 3273 honores
1088 3209 1231 3274 'ablatos
1256 3231 1326 3275 non
1350 3213 1454 3276 resti-

499 3307 617 3384 tuerit,
642 3309 705 3373 tibi
732 3307 868 3391 plenam
900 3310 1142 3373 auctoritatem
1167 3310 1387 3374 concedimus
1412 3311 1453 3375 in

499 3411 665 3488 personas
693 3414 729 3471 et
757 3407 793 3470 in
824 3408 912 3484 loca,
938 3428 1017 3490 quae
1045 3408 1090 3472 ad
1115 3415 1210 3472 tuam
1239 3409 1452 3490 legationem

498 3507 683 3587 pertinent,
701 3506 969 3571 ecclesiasticam
984 3507 1156 3590 justitiam
1180 3526 1351 3586 exercere,
1373 3511 1452 3572 nul-

498 3603 565 3666 lius
581 3605 761 3669 obstaculo
771 3606 1021 3688 appellationis
1036 3607 1206 3671 obstante
1209 3604 1218 3632 ’
1288 3666 1289 3672 ,

498 3774 547 3838 Do
561 3777 696 3886 adventu
717 3775 797 3842 denti
816 3779 946 3858 Thomu,
964 3782 1200 3846 Ouatunrionsis
1212 3779 1454 3865 archiepiscopi,

786 3878 821 3942 in
835 3879 988 3964 Angliam
1003 3879 1042 3944 cd
1057 3880 1159 3946 acilio·

549 3995 630 4060 Hac
647 3998 755 4080 igitur
770 4001 957 4065 securitate
973 4010 1045 4066 tam
1061 4023 1083 4066 a
1100 4022 1192 4085 papa
1207 4022 1311 4084 quam
1329 4021 1351 4065 a
1367 4021 1453 4084 rege

497 4103 651 4178 accepta,
676 4091 728 4161 ¹in
753 4097 917 4180 Angliam
948 4103 1050 4166 rediit
1075 4104 1168 4166 etin
1198 4101 1355 4166 kalendis
1378 4102 1453 4166 De-

533 4280 585 4328 ¹In
602 4279 721 4342 Angliam
738 4281 846 4345 rediit.]
865 4282 958 4330 Whilst
983 4282 1086 4330 warned
1103 4281 1166 4330 irorn
1183 4281 1225 4330 the
1243 4285 1319 4330 count
1335 4280 1364 4329 of
1381 4282 1453 4331 Bou·

496 4349 602 4410 waiting
623 4349 662 4399 sor
679 4351 721 4400 the
740 4352 831 4414 vessel,
851 4352 882 4400 be
902 4367 957 4400 was
983 4353 1065 4414 logne,
1083 4352 1117 4413 by
1134 4351 1209 4414 Milo,
1225 4355 1250 4399 to
1266 4351 1326 4398 look
1343 4346 1369 4399 ἰο
1385 4352 1451 4400 bim-
