3144 5180
399 538 539 586 rnonns
563 537 829 588 ursronrsnuu.
1025 518 1088 584 271

130 701 168 756 ut
186 694 233 756 ab
257 713 300 756 eo
325 695 446 758 locum
468 697 659 778 susciperet
677 704 713 760 et
732 697 781 760 ibi
797 700 1013 760 construeret
1029 693 1090 756 ab·
1105 711 1160 752 nn.
1171 711 1226 750 ua.

130 791 272 857 batiam.
329 791 384 857 At
408 793 611 858 Gilebertns
638 796 681 858 ad
704 814 820 876 regem
839 794 982 859 veniens
1007 811 1090 856 con-
1103 759 1254 901 ΐυιέἑέῑῗῖ

130 899 273 971 questus
308 899 366 955 est
392 893 511 969 nimis,
537 894 630 975 quod
659 894 781 976 patriae
811 893 905 958 illius
935 893 1092 973 linguam
1120 889 1125 901 '

131 1009 197 1052 non
211 991 337 1070 novit3
366 995 378 1025 ‘
392 991 451 1067 0:
468 993 581 1073 inquit
595 1012 670 1068 rex,
683 995 830 1056 ‘bonum
844 993 907 1056 tibi
923 991 1091 1072 interpre-

130 1095 209 1165 tem,
227 1089 313 1153 Deo
329 1090 541 1167 auxiliante,
555 1091 729 1154 inveniam
745 1091 765 1169 ;'
788 1098 832 1168 et,
844 1097 968 1156 vocato
983 1090 1091 1153 milite

132 1185 270 1262 Hoeno‚
289 1188 406 1271 jussit
424 1209 501 1267 rex,
516 1196 556 1252 ut
578 1209 657 1253 oum
675 1188 852 1254 Gileberto
873 1191 939 1254 iret
959 1198 994 1253 et
1014 1205 1092 1251 cum

131 1285 203 1366 ipso
230 1286 270 1349 in
306 1286 487 1352 Hibernia
517 1297 731 1366 remaneret3
766 1289 855 1371 quod
885 1289 983 1352 miles
1013 1306 1093 1368 gra-

133 1391 249 1448 tenter
264 1405 433 1449 annuens
456 1406 535 1450 cum
558 1386 651 1451 dioto
666 1386 843 1453 Gileberto
865 1385 1043 1462 remansit,
1059 1392 1095 1449 et

131 1484 214 1545 satis
238 1484 274 1547 ei
301 1485 435 1550 devote
458 1484 658 1548 ministrans
680 1487 915 1551 monachalem
940 1484 1094 1549 habitum

132 1583 313 1664 suscipere
331 1584 463 1660 noluit,
479 1584 563 1666 qnia
578 1603 699 1648 servus
720 1605 796 1648 esse
817 1604 919 1667 quam
937 1583 1095 1648 dominus

133 1682 332 1763 praeelegit.
404 1682 644 1746 Transeuntes
677 1691 792 1747 autem
827 1684 864 1746 in
890 1682 1096 1746 Hiberniam

133 1781 317 1843 abbatiam
343 1787 633 1857 construxerunt,
663 1782 722 1845 ubi
752 1782 850 1845 miles
873 1782 1020 1846 Hoenus
1043 1781 1096 1842 in-

134 1885 272 1960 terpres
301 1879 472 1942 monachi
494 1878 640 1942 devotus
663 1881 798 1943 exstitit
819 1887 854 1945 et
877 1882 914 1944 in
938 1879 1097 1944 omnibus

134 1977 286 2057 agendis
320 1978 485 2040 minister
515 1976 638 2040 fidelis.
690 1977 986 2060 Quandocumque
1015 1995 1098 2040 vero

133 2076 337 2139 monachus
355 2077 455 2140 solus
471 2076 599 2138 alicubi
617 2095 695 2139 cum
712 2077 819 2141 milite
839 2078 917 2156 fuit,
939 2077 983 2139 de
1004 2080 1099 2139 statu

133 2177 340 2257 purgatorii
364 2183 401 2239 et
423 2176 538 2258 poenis
561 2174 786 2252 mirabilibus,
808 2197 894 2258 quas
917 2172 1051 2240 viderat
1065 2180 1101 2237 et

135 2283 289 2356 experto
318 2276 505 2351 didicerat,
531 2275 666 2338 curiose
694 2275 738 2337 ab
770 2293 811 2337 eo
842 2272 1029 2358 quaesivit;
1064 2279 1102 2336 at

136 2373 209 2449 ille,
235 2375 302 2456 qui
333 2392 516 2455 nunquam
544 2373 665 2436 audire
688 2373 802 2454 potuit
824 2372 868 2436 de
898 2371 1101 2454 purgatorio

18 2503 19 2536 l
136 2472 248 2553 loqui,
273 2471 366 2552 quin
388 2478 630 2552 prorumperet
653 2469 822 2533 infletum
839 2469 1103 2546 amarissimum,

18 2579 19 2592 ¹
136 2570 250 2652 coepit
273 2571 345 2632 sub
373 2567 493 2650 sigillo
519 2569 645 2632 secreti
667 2570 777 2631 amico
795 2589 857 2650 pro
878 2567 1105 2632 aedificatione

136 2687 179 2731 ea
208 2688 295 2750 qnae
321 2667 500 2745 audierat,
516 2668 666 2743 viderat,
692 2673 728 2729 et
755 2667 991 2748 experimento
1017 2664 1105 2728 didi-

139 2775 254 2844 cerat,
283 2784 469 2843 enarrare,
492 2765 669 2829 affirmans
693 2783 769 2827 sese
795 2767 909 2828 omnia
933 2765 1107 2845 corporeis

138 2865 254 2930 oculis
284 2866 532 2946 conspexisse.
587 2862 706 2945 Hujus
731 2868 845 2925 autem
869 2861 1029 2926 monachi
1053 2862 1107 2924 in·

139 2963 283 3029 dustria
321 2970 360 3026 et
393 2962 581 3042 diligentia
612 2959 717 3042 hujus
746 2960 863 3024 militis
894 2959 1110 3042 experientia

137 3064 288 3128 redacta
318 3061 436 3125 estin
461 3061 685 3141 scripturam,
713 3057 813 3120 simul
836 3077 914 3122 cum
942 3056 1112 3123 relatione

138 3164 396 3244 episcoporum
429 3159 586 3239 regionis
621 3163 657 3219 et
686 3155 831 3218 aliorum
859 3154 1113 3235 religiosorum,

139 3261 201 3343 qui
238 3277 359 3324 causa
395 3256 552 3340 justitiae
594 3251 840 3335 perhibuerunt
878 3249 1115 3315 testimonium

139 3360 302 3424 veritati.

168 3553 263 3634 Quod
284 3547 480 3624 Willobmas,
499 3541 707 3609 Eborocaosls
720 3540 976 3623 archiepiscopos,
991 3556 1099 3600 vanam

324 3679 327 3686 *
590 3639 702 3724 perlit.

186 3773 298 3838 Anno
306 3769 460 3836 Domini
472 3757 823 3828 ucnrv.Anastasius
834 3771 938 3835 papa,
946 3748 1123 3824 defuneto,
1137 3756 1259 3853 &philp

143 3881 185 3936 ut
213 3871 470 3955 supradictum
499 3867 571 3931 est,
594 3857 761 3928 Henrico‚
781 3845 991 3914 Eboracensi
1012 3847 1124 3908 archi·
1138 3857 1237 3900 wnnam.

144 3972 326 4056 episcopo,
345 3961 520 4032 restituit
543 3957 583 4018 in
607 3954 722 4016 sedem
745 3949 888 4011 eandem
899 3899 1262 4012 Willelmum‚li⁰r3fff⁰⁹

146 4090 248 4152 quem
262 4071 365 4154 prius
384 4078 492 4149 papa
509 4043 970 4148 Eugenins‘degradaverat,
996 4035 1129 4097 donans

147 4169 179 4232 ei
193 4171 343 4254 pallium
355 4167 518 4233 Romae,
530 4150 614 4214 etin
626 4142 812 4228 praesentia
825 4139 934 4218 ipsius
950 4148 1132 4193 cousecra-
