3144 5180
368 585 507 634 rnonns
530 585 798 634 rrrsronrsnurr.
991 567 1056 636 831

9 709 10 774 3
109 744 198 806 diret
218 761 312 824 saepe
329 741 537 818 monuimus,
559 741 590 806 si
609 740 673 806 tibi
695 760 736 806 ac
758 741 828 806 tuis
848 749 883 807 ct
900 741 1056 808 eeclesiae
1069 755 1099 846 Ρ
1098 756 1152 846 Ρ
1136 757 1193 796 uo

110 850 180 905 tuuc
207 841 446 922 possessiones
468 845 505 906 ct
526 840 676 906 honores
701 840 839 906 ablatos
861 860 930 906 non
956 840 1056 908 resti·
1068 856 1143 896 uns
1143 855 1180 894 ro

111 941 228 1017 tuerit,
250 940 316 1004 tibi
336 939 476 1022 plenam
495 939 742 1006 ermmritatem
762 939 993 1016 concedimus,
1016 906 1110 1006 utmd
1067 905 1196 948 ww

109 1039 145 1102 in
160 1057 331 1120 personas
347 1045 383 1103 et
399 1037 575 1116 ecclesias,
596 1057 674 1120 qurc
697 1037 743 1104 ad
764 1044 859 1104 tuam
881 1038 1056 1120 pertinent

106 1137 397 1222 jurisdictionem,
418 1143 566 1220 excepte
587 1138 679 1218 regis
701 1153 849 1219 persona
867 1139 1058 1221 uxorisque

111 1237 185 1320 ejus
202 1242 238 1302 et
256 1235 405 1300 liliorum
424 1255 578 1312 suorum,
594 1235 864 1302 ecclesiasticam
881 1235 1056 1319 justitiam

110 1335 317 1413 exerceatis,
347 1334 477 1400 nullius
506 1334 750 1417 appellationis
771 1335 952 1402 obstaculo
975 1355 1055 1418 pro-

111 1435 272 1513 hibente;
306 1433 526 1516 prouidentia
551 1440 667 1498 tamen
690 1441 728 1498 et
752 1435 1059 1516 circumspectione

111 1533 281 1609 adhibita,
310 1551 414 1615 quam
439 1532 610 1598 modestia
635 1533 860 1598 sacerdmalis
883 1531 1055 1616 requirit'

9 1655 10 1698 f
112 1631 244 1699 Eodem
261 1639 415 1714 tempore
433 1631 646 1710 Gilebertus,
656 1631 908 1698 Londoniensis
922 1633 1056 1715 episco-

111 1751 189 1813 pus,
199 1731 386 1796 Dominiea
395 1732 507 1812 prima
517 1729 816 1813 Quadragesimae,
824 1732 869 1798 ad
881 1732 1056 1798 declinau-

9 1837 10 1908 j
111 1831 191 1894 dam
209 1830 418 1894 senteutiam
439 1829 596 1907 Thone,
612 1829 873 1896 Cantuarieusis
890 1831 1057 1913 archiepi-

113 1929 223 2011 scopi,
240 1935 432 1993 convocato
452 1929 545 1994 clero
566 1929 718 1994 ciuitatis
736 1938 772 1996 et
794 1930 923 2013 populo
948 1931 985 1994 in
1002 1949 1059 1994 oc-

112 2029 220 2094 clesia
234 2027 348 2092 sancti
358 2026 473 2105 Pauli,
483 2027 652 2093 Romame
665 2027 757 2094 sedis
770 2029 981 2096 audientiam
995 2048 1058 2110 ap·

112 2127 284 2209 pellavit;
315 2126 429 2192 fuerat
449 2127 542 2190 enim
564 2145 657 2210 saepe
682 2127 867 2194 abeodem
889 2127 1058 2209 archiepi-

113 2247 219 2309 scopo
244 2227 487 2304 commonitus,
513 2232 554 2290 ut
577 2226 710 2292 clericis
735 2227 811 2290 suis
833 2225 998 2292 ecclemas
1023 2234 1061 2290 ct

113 2326 292 2402 beneficia,
314 2344 392 2408 quar
413 2325 449 2391 in
472 2344 576 2391 mauu
598 2344 663 2390 sua
685 2345 731 2392 ex
753 2325 938 2392 traditione
965 2326 1059 2406 regis

9 2477 10 2516 ι
114 2427 269 2501 tenebat,
292 2425 492 2488 restitueret
521 2441 600 2488 cum
630 2425 729 2488 bonis
753 2425 834 2488 inde
863 2425 1061 2507 perceptis;

9 2519 10 2564 l
113 2525 174 2589 sed
200 2523 365 2607 quoniam
390 2522 426 2586 in
451 2522 504 2586 his
526 2530 562 2587 et
582 2523 620 2586 in
644 2523 721 2587 aliis
745 2525 929 2606 praeceptis
956 2543 1060 2590 cauo·

9 2679 10 2690 ,
115 2624 200 2687 uicis
219 2621 420 2686 inobediens
442 2622 689 2703 perseverarit,
705 2621 984 2705 archiepiscopus
1001 2641 1060 2688 su-

113 2742 174 2802 per
197 2721 433 2804 appellatione
457 2738 522 2786 sua
545 2720 685 2787 minime
706 2721 924 2798 certioratus,
943 2723 980 2786 in
1006 2721 1061 2786 die

115 2820 329 2895 Palmaruru,
350 2821 476 2901 ipsum,
501 2826 541 2884 ut
561 2819 666 2900 regiis
688 2820 817 2901 iniquis
839 2822 1061 2890 consuetudi·

115 2921 217 2982 nibus
243 2919 429 2993 faventem,
443 2916 544 2999 ,apud
570 2916 838 2984 claramvallem
864 2919 1064 2986 solemniter

115 3015 428 3082 excommunicavit
442 3022 477 3079 et
491 3016 610 3079 literas
625 3017 656 3079 ei
673 3024 857 3099 sequentes
874 3018 1023 3097 direxit;

117 3189 208 3264 onoc
226 3187 358 3254 rrum
374 3188 609 3256 corneae
628 3189 825 3267 smmum,
843 3155 1064 3254 nonnam

347 3287 528 3374 episcopam,
544 3290 826 3356 commoneant.

174 3410 362 3486 ‘Mirones
377 3404 386 3442 ¹
403 3411 471 3474 Dei
487 3412 601 3492 gratia
617 3411 879 3478 Gautuariensis
896 3410 1063 3494 arehiepi·
1077 3424 1211 3520 g„„{“‘3„‚

115 3509 498 3593 seopusetapostolicse
509 3510 762 3592 sedislegatns,
769 3510 961 3586 (isseberto,
972 3509 1064 3574 Lon-
1078 3523 1201 3563 onosma

116 3609 275 3672 donicusl
294 3608 468 3690 episcopo,
480 3609 614 3674 utinam
629 3629 711 3676 vero
728 3610 840 3687 fratri,
854 3609 1028 3674 declinere
1044 3629 1066 3674 a

117 3707 211 3772 malo
226 3713 264 3772 et
279 3706 393 3772 facere
413 3707 554 3789 bouum.
579 3709 754 3775 Excessus
771 3717 907 3776 vestros
926 3709 1008 3772 dum
1023 3709 1066 3773 li-

118 3807 192 3870 cuit
216 3803 512 3887 supportavimus,
539 3814 574 3875 et
595 3809 730 3874 utinam
751 3806 981 3875 mansuetudo
1003 3827 1067 3889 pa·

118 3905 251 3968 tientiee
264 3911 405 3980 nostrae,
418 3924 496 3986 quae
512 3905 610 3970 nobis
625 3926 733 3990 supra
748 3907 888 3970 modum
898 3907 1071 3969 damnosa

118 4004 266 4080 exstitit,
275 4005 312 4067 in
321 4004 428 4068 totius
437 4004 592 4070 ccclesiae
604 4006 788 4088 perniciem
799 4024 867 4068 nou
876 4003 1045 4068 redundet
1057 4025 1065 4083 ;

118 4103 356 4185 sedquoniam
373 4104 543 4184 patientia
559 4113 681 4168 nostra
697 4123 833 4186 semper
848 4103 947 4166 abusi
970 4103 1067 4178 estis,

259 4315 265 4344 ¹
281 4317 415 4380 Thomna]
434 4319 568 4381 lloveden,
584 4336 610 4381 p.
620 4326 688 4381 otu
707 4321 811 4380 Diceto,
820 4321 870 4370 eol.
881 4323 939 4369 549.
