3178 5194
468 539 534 604 382
728 551 864 601 nocnnr
884 552 935 600 on
958 551 1166 601 wnunovnn

307 724 430 766 tatur·
469 713 563 796 ipsos
587 711 820 777 Cenomannis
850 712 894 778 ad
926 731 1027 776 sunm
1058 710 1176 777 venire
1207 711 1423 793 colloquium

468 813 681 895 procuravit,
702 813 763 876 nbi
788 831 811 876 a
834 810 1005 876 Gaufrido
1033 811 1194 894 primitus
1218 818 1253 875 et
1274 810 1424 875 Richar-

469 912 526 988 do,
548 911 628 976 filiis
653 911 737 990 suis,
762 911 962 994 homagium
988 917 1023 974 et
1048 910 1251 975 fidelitatem
1273 911 1421 992 accepit.

470 1003 572 1075 Post¹
586 1011 658 1075 dies
670 1017 786 1075 antem
795 1030 937 1094 pancos,
948 1008 1040 1093 apud
1054 1010 1187 1074 Burum
1197 1010 1233 1072 in
1246 1009 1424 1074 Norman-

469 1111 528 1175 nia
547 1111 644 1175 venit
663 1111 708 1175 ad
729 1130 807 1174 enm
831 1130 894 1175 rex
920 1109 1011 1174 filius
1034 1109 1122 1193 ejns,
1146 1129 1224 1173 cum
1250 1109 1421 1192 archiepi-

469 1229 575 1292 scopo
602 1209 878 1292 Rothomagensi
901 1216 937 1274 et
958 1209 1035 1273 aliis
1059 1209 1231 1292 episcopis
1260 1216 1295 1272 et
1320 1209 1421 1272 baro-

469 1309 571 1373 nibus
593 1309 724 1388 multis
746 1317 879 1374 etcum
901 1309 1011 1372 multa
1033 1307 1287 1391 lachrymarum
1307 1307 1423 1371 effusi-

470 1427 536 1473 one
566 1408 611 1473 ad
640 1409 746 1492 pedes
775 1409 885 1491 patris
922 1414 1118 1490 prostratus
1149 1408 1420 1474 misericordiam

469 1509 697 1590 precabatur3
720 1527 783 1572 rex
799 1513 916 1572 autem
932 1514 1047 1572 motos
1064 1506 1195 1590 pietate
1212 1526 1317 1590 super
1335 1506 1420 1583 tilio,

470 1625 572 1688 quem
594 1607 678 1671 totis
701 1606 890 1672 visceribus
916 1606 1096 1688 diligebat,
1121 1607 1316 1688 intelligens
1338 1625 1422 1669 eum

469 1725 515 1769 ex
532 1707 635 1770 corde
654 1706 764 1789 loqui,
781 1707 869 1771 iram
885 1713 923 1771 et
941 1726 1077 1771 omnem
1097 1706 1129 1769 ei
1144 1705 1418 1788 indignationem

469 1805 614 1883 remisit,
630 1813 735 1888 atque
751 1806 827 1890 ejus
849 1807 1061 1888 homagium,
1076 1805 1194 1870 addito
1209 1803 1421 1889 juramento,

470 1904 633 1988 suscepit.
666 1905 836 1970 Omnibus
857 1906 964 1988 igitur
986 1907 1072 1969 bene
1093 1904 1284 1987 pacificatis
1306 1911 1342 1968 et
1363 1924 1420 1968 os·

470 2004 558 2068 culis
581 2003 733 2089 undique
755 2025 800 2070 ex
823 2005 925 2070 corde
948 2005 1098 2082 collatis,
1121 2024 1184 2068 rex
1208 2010 1308 2087 pater
1330 2004 1420 2068 mili·
1511 2025 1513 2028 ·

469 2110 523 2167 tes
543 2112 738 2186 nongentos
753 2113 789 2171 et
804 2104 991 2187 sexaginta
1007 2124 1144 2180 novem,
1161 2121 1249 2186 quos
1267 2110 1422 2186 tempore

469 2203 551 2267 belli
569 2209 720 2288 ceperat,
741 2205 816 2270 sine
835 2204 1071 2288 redemptione
1088 2223 1111 2268 a
1126 2203 1273 2267 vinculis
1291 2203 1419 2283 solvit3

469 2322 600 2386 pancos
622 2324 718 2382 vero,
742 2324 888 2386 quorum
913 2303 1048 2369 lacinus
1071 2322 1210 2368 enorme
1231 2302 1421 2386 principem

468 2403 784 2468 mansuetissimum
822 2404 864 2467 ad
903 2402 1135 2467 iracundiam·
1157 2410 1421 2484 provocaverat,

469 2503 611 2569 arctiori
625 2502 792 2569 custodiae
810 2501 952 2567 tradidit
966 2501 1215 2585 mancipandos
1228 2521 1237 2583 ;
1261 2523 1324 2566 rex
1338 2522 1421 2568 vero

471 2601 563 2666 lilius
580 2601 698 2666 eodem
715 2602 817 2667 modo
834 2602 963 2667 milites
978 2620 1065 2685 quos
1074 2601 1155 2685 jure
1172 2601 1254 2666 belli
1269 2610 1420 2686 ceperat,

470 2720 617 2784 quorum
635 2719 797 2767 numerus
814 2700 859 2765 ad
875 2708 1013 2766 centum
1030 2709 1066 2765 et
1080 2720 1122 2764 eo
1139 2701 1287 2783 amplius
1303 2721 1422 2767 excre-

470 2807 582 2877 verat,
606 2799 680 2864 s‘ine
704 2801 851 2883 pecnnia
873 2801 1058 2865 relaxavit.
1109 2798 1211 2864 Tunc
1232 2821 1296 2864 rex
1321 2808 1422 2883 pater

469 2900 588 2964 literas
610 2899 646 2963 in
665 2919 784 2964 omnes
805 2900 891 2964 lines
914 2919 987 2964 snae
1008 2899 1252 2965 dominationis
1274 2900 1418 2964 formam

470 2998 574 3082 hujus
597 3000 693 3081 pacis
716 3000 932 3064 continentes
957 2999 1096 3076 direxit,
1119 3007 1159 3064 nt
1179 3019 1309 3076 omnes,
1331 3020 1418 3082 quos

469 3099 632 3181 generale
646 3099 829 3164 discrimen
850 3098 930 3163 belli
950 3097 1134 3177 afflixerat,
1151 3100 1341 3163 communis
1360 3101 1420 3163 lae-

412 3251 419 3271 ,
469 3197 549 3262 titia
567 3206 758 3278 recrearet3
781 3198 1005 3263 continebant
1026 3199 1169 3282 insuper
1187 3198 1310 3276 literae,
1328 3199 1419 3281 quod

469 3297 586 3363 omnia
601 3298 757 3376 castella,
775 3319 853 3381 quae
868 3297 1003 3362 mnnita
1016 3298 1154 3362 fircrant
1170 3304 1325 3380 tempore
1340 3299 1422 3362 belli

470 3404 593 3462 contra
615 3398 740 3481 ipsum,
770 3398 813 3462 ad
838 3398 935 3466 illum
963 3398 1202 3479 redigerentur
1231 3404 1360 3462 statum
1383 3399 1418 3461 in

470 3515 540 3579 qno
557 3503 656 3561 erant
671 3497 811 3580 quando
828 3516 954 3581 guerra
969 3490 1128 3580 ²incepit.

506 3721 841 3789 ¹Poctdiernatempnacos.]
856 3725 932 3786 Upon
993 3721 1144 3788 'incepitJ
1163 3723 1238 3772 Paris
1250 3723 1296 3771 has
1307 3722 1367 3772 here
1384 3724 1423 3771 in·

470 3793 514 3843 the
523 3799 563 3844 ist
570 3794 599 3843 ol
603 3795 693 3858 Apri13
710 3794 932 3856 Diceto,col.585.
959 3793 1043 3842 serted
1054 3809 1071 3842 a
1086 3794 1169 3844 notice
1185 3792 1215 3841 ol'
1227 3792 1270 3841 the
1286 3793 1385 3841 couucil
1396 3792 1425 3841 ol

471 3864 497 3912 lt
513 3879 623 3926 appears
638 3865 693 3915 that
708 3865 751 3914 the
767 3879 854 3927 young
869 3864 934 3926 king
959 3863 1143 3924 Westminster‚
1159 3862 1219 3912 held
1235 3867 1263 3912 at
1278 3862 1320 3910 the
1336 3862 1385 3910 end
1397 3861 1425 3912 ot

471 3934 557 3983 would
569 3939 613 4000 not
630 3939 696 3984 trust
712 3935 752 3983 his
767 3933 850 3983 father
868 3933 933 3983 until
960 3933 1058 3993 Mayin
1069 3933 1120 3981 this
1131 3932 1290 3994 year‚nnder
1301 3931 1422 3991 Richard,

471 4003 512 4052 his
528 4004 634 4066 homage
650 4004 702 4054 hed
719 4005 784 4054 been
801 4003 933 4067 accepted.
959 4002 1111 4063 archbishop
1132 4002 1161 4051 ol
1180 4002 1353 4062 Canterbnry3
1381 4002 1422 4050 the

470 4073 518 4122 See
526 4073 660 4139 Hovedeu,
666 4090 692 4138 p.
700 4078 763 4137 5423
776 4073 935 4138 Newbnrgh,
959 4072 1112 4134 particulare
1127 4086 1186 4133 may
1197 4072 1229 4121 be
1240 4071 1318 4122 found
1329 4072 1355 4119 in
1367 4071 1422 4119 Ho-

470 4141 488 4192 i.
500 4159 527 4204 p.
539 4147 597 4196 att.
960 4142 1041 4192 veden
1051 4142 1102 4191 and
1115 4141 1238 4193 Gervase.
