3104 5186
474 537 518 602 98
731 554 865 602 nocam
891 555 938 602 on
961 553 1169 603 wnuuevnu

316 726 371 765 A-v·
383 725 439 764 ¹⁰⁹⁷·
478 708 693 776 vulnussfere
707 708 892 788 letiferum,
908 711 952 773 ab
966 729 1048 773 urso
1063 709 1214 792 quodam
1230 709 1296 772 sibi
1320 708 1432 773 inflic-

313 775 466 864 fflffle
480 818 565 876 tum.
601 810 696 874 Dum
713 809 761 872 ibi
777 810 999 886 constitutus,
1017 811 1062 873 ob
1079 809 1229 891 gratiam
1245 811 1432 883 recreatio·¹

480 909 534 974 nis
561 909 685 974 silvam
706 909 881 992 quandam
906 909 1096 991 ingressus,
1122 927 1309 992 pauperem
1333 920 1445 992 pere-.¹

481 1011 617 1092 griuum
632 1009 766 1073 invenit
778 1009 876 1090 ligna
890 1008 989 1072 arida
1003 1015 1278 1092 comportantem
1291 1029 1300 1088 ;
1329 1027 1432 1092 quem

386 1091 395 1108 ⁸
481 1129 583 1174 ursus
599 1108 723 1190 ingens
739 1113 775 1171 et
790 1107 952 1171 horrendi
966 1108 1121 1190 corporis
1136 1108 1327 1189 fugientem
1342 1108 1434 1171 inse-

482 1228 592 1291 quens
612 1215 652 1273 ut
673 1207 869 1284 devoraret,
888 1208 1080 1288 perieulum
1101 1206 1283 1271 imminens
1301 1227 1435 1290 pauper

482 1306 632 1372 elamore
657 1313 829 1394 testatur3
862 1305 936 1370 dux
957 1325 1053 1383 vero,
1073 1325 1259 1388 pauperem
1279 1306 1432 1379 claman-

483 1414 553 1471 tem
571 1405 787 1488 conspiciens
808 1411 844 1469 et
862 1404 984 1488 rapido
1001 1423 1105 1468 cursu
1122 1405 1324 1486 fugientem,
1340 1423 1435 1468 eom·

484 1505 617 1588 patitur
649 1505 831 1586 peregrino
858 1504 933 1587 jam
962 1523 985 1566 a
1016 1503 1133 1567 bellua
1158 1503 1370 1580 devorando,
1399 1510 1435 1568 et

483 1602 649 1668 velociter
677 1602 791 1679 irruit,
821 1601 944 1666 educto
978 1602 1108 1682 gladio,
1135 1610 1174 1667 ut
1197 1622 1299 1685 opem
1328 1600 1436 1666 ferret

484 1702 649 1785 patienti:
673 1701 795 1766 videns
810 1722 893 1784 ergo
908 1720 1011 1766 ursus
1026 1701 1148 1766 ducem
1166 1701 1283 1782 gladio
1300 1702 1436 1765 instan-

485 1808 566 1879 tem,
580 1808 698 1884 spreto
712 1802 906 1884 peregrino,
921 1820 1022 1883 quem
1038 1800 1135 1882 prius
1151 1801 1436 1882 persequebatur,

484 1901 644 1965 dentibus
660 1905 815 1965 armatus
836 1907 872 1963 et
889 1900 1062 1981 unguibus
1080 1900 1117 1964 in
1136 1899 1271 1963 hostem
1292 1918 1331 1963 se
1352 1919 1436 1962 con-

485 2001 566 2065 tulit
590 1999 779 2064 fortiorem.
830 1997 986 2062 Tandem
1016 1997 1102 2076 dux,
1133 2018 1221 2082 equo
1249 1998 1437 2062 crudeliter

486 2101 680 2176 vulnerato,
695 2098 801 2182 pedes
818 2097 961 2162 effeetus
977 2097 1094 2178 gladio
1110 2117 1182 2162 rem
1196 2099 1346 2180 agebat;
1376 2117 1437 2160 ur-

486 2219 546 2264 sus
568 2205 685 2263 autem
706 2198 827 2280 patulo
852 2197 922 2261 oris
946 2197 1037 2260 rictu
1060 2203 1096 2260 et
1120 2217 1294 2260 murmure
1315 2215 1438 2260 occur-

486 2318 565 2363 rens
594 2297 747 2374 horrido,
773 2296 871 2361 ducis
908 2295 1139 2360 constantiam
1171 2295 1439 2378 parvipendens,

486 2401 686 2477 contempto
715 2394 845 2476 gladio,
871 2394 994 2458 nititur
1028 2413 1066 2457 se
1098 2395 1254 2458 eominus
1281 2395 1439 2476 ingerere

487 2492 707 2578 repugnanti.
760 2492 871 2558 Porro
887 2493 973 2569 dux,
995 2493 1183 2556 irritantem
1197 2512 1221 2556 a
1235 2513 1274 2557 se
1288 2493 1441 2557 belluam

486 2593 680 2678 propellere
702 2591 819 2674 gladio
844 2592 929 2656 totis
953 2591 1084 2656 nisibus
1106 2592 1254 2669 instans,
1276 2612 1442 2657 mucrone

486 2712 562 2758 eam
584 2691 764 2776 perfodere
785 2691 986 2770 laborabat3
1013 2710 1133 2754 verum
1161 2710 1262 2754 ursus
1284 2691 1441 2774 gladium

486 2792 677 2868 declinans,
692 2797 729 2854 et
745 2790 867 2854 ducem
884 2788 1033 2854 brachiis
1056 2791 1254 2872 amplexum
1271 2790 1443 2854 constrin-

488 2909 587 2973 geuS,
603 2891 641 2953 iu
656 2890 769 2954 solum
790 2889 937 2973 dejicere
958 2896 1118 2966 conatur,
1141 2898 1181 2953 ut
1201 2890 1327 2954 subse
1348 2890 1443 2971 posi-

488 2996 562 3054 tum
592 2989 695 3053 deute
724 2995 843 3071 posset
864 2988 998 3052 facilius
1023 2994 1060 3052 et
1086 2989 1262 3070 unguibus
1285 2989 1418 3052 laniare
1430 3009 1441 3068 3

487 3108 609 3153 verum
631 3088 729 3152 miles
753 3094 915 3151 strenuus
936 3086 1024 3151 etin
1040 3087 1146 3151 armis
1163 3074 1336 3170 egregius,
1351 3088 1444 3152 laeva

488 3187 638 3250 belluam
677 3184 892 3268 complexus,
922 3184 1046 3249 dextra
1075 3186 1236 3268 impingit
1266 3187 1375 3250 aciem
1408 3195 1445 3251 et

489 3285 615 3368 capulo
638 3290 740 3348 tenus
762 3285 923 3348 immerso
944 3284 1060 3365 gladio
1078 3291 1223 3349 mortem
1240 3284 1368 3366 ingerit
1390 3305 1444 3349 re·

488 3384 648 3449 luctanti.
693 3383 839 3450 Saucius
861 3389 979 3446 tamen
1001 3383 1074 3447 dux
1095 3389 1132 3446 et
1156 3403 1278 3449 cruore
1304 3403 1442 3466 resper-

490 3503 562 3562 sus,
578 3482 867 3565 periculosissime
881 3500 1020 3564 quoque
1035 3481 1249 3559 vulneratus
1264 3490 1444 3547 cruentam

491 3582 593 3646 nimis
615 3573 797 3646 uictoriam
819 3581 1035 3663 reportavit3
1057 3580 1149 3645 unde
1171 3580 1278 3644 nimia
1298 3583 1442 3664 sangui·

491 3681 546 3746 nis
573 3679 740 3746 effusione
771 3679 971 3744 debilitatus
1002 3679 1047 3745 ud
1074 3678 1212 3745 sodales
1237 3700 1306 3744 non
1327 3682 1445 3762 potuit

490 3799 655 3844 remeare.
706 3778 862 3843 Tandem
886 3798 982 3855 vero,
1002 3777 1170 3861 praedicto
1191 3799 1357 3862 paupere,
1384 3781 1464 3863 qui¹

490 3879 568 3963 ejus
590 3877 756 3942 beneficio
781 3885 927 3942 mortem
948 3884 1121 3955 eraserat,
1144 3878 1381 3960 proclamante
1409 3886 1445 3943 et

492 3997 610 4042 casum
646 3977 831 4054 indicante,
865 3985 1050 4041 accurrunt
1082 3976 1236 4058 legiones
1260 3978 1444 4055 universae,

492 4085 529 4141 et
560 4077 685 4142 lectica
717 4076 917 4159 impositum
950 4095 1028 4139 eum
1058 4076 1191 4158 gemitu
1226 4077 1379 4142 omnium
1411 4086 1448 4142 et

492 4174 678 4259 lachrymis
693 4175 891 4239 detulerunt
904 4173 949 4240 ad
959 4181 1087 4252 castra,
1098 4181 1134 4238 et
1147 4176 1213 4238 sub
1223 4172 1447 4259 chyrurgico·

493 4293 569 4338 rum
596 4273 827 4338 sollicitudine
858 4273 956 4337 illum
984 4274 1196 4357 deputarunt
1221 4274 1331 4340 donee
1364 4295 1450 4340 cou-
