3138 5184
288 723 342 764 M).
354 725 410 764 1142.

447 531 513 598 234
703 549 839 596 Rosam
861 549 909 595 nn
931 548 1140 597 wnnnovmr

449 705 608 770 inventos
635 703 711 766 sine
736 703 973 767 misericordia
996 703 1196 781 trucidavit,
1227 723 1298 768 non
1318 723 1404 784 par-

450 822 532 866 cens
545 802 644 866 sexui
658 801 715 866 vel
730 802 847 880 aetati;
864 803 913 865 sic
924 802 1043 883 itaque
1059 803 1141 865 urbs
1158 802 1404 886 antiquissima

449 909 485 966 et
502 901 700 965 Christiano
724 900 861 964 nomine
883 901 1065 981 insignita,
1083 920 1124 964 ac
1145 901 1290 971 Thadeei
1313 921 1401 982 apo-

450 1001 532 1064 stoli
561 1000 807 1082 praedicatione
835 1018 1015 1076 conversa,
1042 1019 1147 1077 nune,
1173 1000 1399 1082 prohdolor!

450 1101 515 1163 sub
541 1099 730 1162 infidelium
761 1106 814 1162 est
843 1104 1017 1180 potestate
1049 1099 1201 1164 redacta.
1259 1099 1301 1162 In
1330 1098 1400 1162 hac

451 1199 541 1261 enim
567 1198 695 1261 dicitur
722 1216 847 1278 corpus
871 1198 964 1261 beati
987 1196 1131 1261 Thomae
1155 1197 1305 1279 apostoli
1326 1217 1400 1262 una

450 1316 528 1360 cum
550 1297 752 1379 corporibus
775 1297 886 1359 sancti
903 1296 1048 1361 Thadaei
1068 1297 1258 1378 supradicti
1280 1304 1315 1360 et
1339 1298 1399 1360 be-

451 1396 501 1459 ati
516 1397 608 1476 regis
623 1395 759 1476 Abgari
776 1395 949 1477 sepultum
967 1415 975 1473 ;
1005 1395 1061 1458 hic
1077 1402 1194 1460 autem
1211 1402 1265 1459 est
1277 1395 1401 1476 Abga-

450 1513 510 1558 rus
536 1494 607 1570 ille,
635 1493 802 1575 toparcha
830 1494 987 1570 illustris
1015 1493 1116 1576 cujus
1142 1493 1322 1576 epistolam
1350 1495 1398 1566 ad

451 1592 639 1656 Dominum
666 1593 806 1656 missam
836 1587 1025 1656 ¹Eusebius
1054 1592 1278 1657 Caesariensis
1303 1612 1399 1656 com-

450 1699 618 1755 memorat
639 1692 675 1754 in
697 1691 857 1755 Historia
875 1691 1131 1769 Ecclesiastica,
1148 1711 1253 1775 quem
1273 1699 1308 1755 et
1323 1693 1397 1754 Do-

450 1790 534 1852 mini
558 1789 700 1870 dignum
725 1791 892 1872 rescripto
918 1790 1030 1866 docet,
1058 1792 1235 1872 utriusque
1263 1810 1398 1872 ponens

450 1888 632 1970 epistolam
660 1895 694 1952 et
716 1889 752 1951 in
781 1888 848 1952 fine
875 1889 926 1952 ita
951 1889 1184 1972 subjungens3
1217 1889 1334 1952 ‘Haec
1358 1889 1397 1952 in

450 1987 599 2052 archivis
617 1987 763 2069 publicis
781 1987 922 2051 Edessae
945 1989 1052 2064 urbiS,
1066 1989 1102 2050 in
1118 2008 1188 2070 qua
1204 1995 1287 2052 tunc
1307 2008 1397 2069 pree—

353 2089 354 2092 ’
449 2087 562 2151 dictus
578 2085 741 2167 Abgarus
757 2087 927 2168 regnavit,
943 2087 994 2151 ita
1007 2086 1180 2168 descripta
1193 2087 1397 2168 reperimus,

287 2795 410 2835 successim

286 2847 310 2885 oi
315 2857 385 2895 papea.

449 2186 485 2248 in
511 2185 565 2248 his
591 2186 732 2263 chartis,
762 2193 963 2268 quaegesta
986 2186 1077 2267 regis
1101 2184 1235 2267 Abgari
1255 2193 1399 2250 servata

450 2285 641 2366 antiquitus
668 2279 913 2348 continebant!
974 2284 1063 2347 Heec
1081 2292 1251 2366 praeterea
1270 2285 1397 2348 civitas

449 2402 542 2465 saepe
563 2384 692 2464 legitur
714 2383 933 2464 postmodum
958 2402 980 2446 a
1007 2383 1213 2447 Christianis
1238 2384 1398 2460 subacta,

449 2489 484 2545 et
501 2483 625 2546 iterum
642 2502 664 2544 a
681 2481 863 2546 Saracenis
877 2500 1050 2563 possessa.

555 2658 605 2721 De
619 2667 713 2721 morte
727 2657 859 2722 duorum
867 2659 1050 2744 pontificum
1064 2661 1283 2724 Rauracorum.

497 2788 628 2852 Eodem
652 2808 754 2866 anno,
774 2788 937 2852 defuneto
954 2808 1047 2871 papa
1065 2789 1281 2866 Innocentio,
1298 2783 1396 2853 2οω-

446 2889 592 2952 lestiuus
614 2889 793 2965 successit,
810 2889 882 2971 qui,
899 2907 976 2951 oum
1000 2889 1147 2952 sedisset
1165 2888 1202 2951 in
1226 2889 1393 2953 cathedra

448 2986 610 3051 Romana
635 2988 811 3050 mensibus
833 2987 998 3068 quinque,
1022 2987 1113 3050 diem
1135 2987 1261 3050 clausit
1282 2995 1397 3051 extre·

447 3104 564 3161 mum;
599 3085 655 3147 cui
687 3086 873 3149 succedens
901 3079 1050 3148 ³Lucius
1080 3085 1275 3149 Romanam
1304 3087 1399 3150 rexit

447 3184 628 3248 ecclesiam
646 3185 822 3247 mensibus
844 3183 1003 3247 undecim
1023 3191 1058 3248 et
1077 3185 1198 3248 diebus
1219 3185 1395 3248 tredecim.

449 3283 579 3347 Eodem
595 3285 687 3346 anno
705 3283 792 3346 obiit
802 3276 1029 3359 *Willelmus
1041 3282 1293 3347 Wintoniensis
1307 3304 1400 3365 prae-

448 3382 514 3460 sul,
539 3389 576 3446 et
601 3381 776 3445 Henricus
803 3381 993 3461 successit3
1024 3381 1104 3446 huic
1129 3401 1213 3446 vero
1238 3381 1399 3447 Henrico

449 3481 577 3545 Lucius
599 3500 692 3562 papa
712 3480 856 3563 pallium
879 3481 984 3558 misit,
1004 3481 1125 3544 volens
1147 3480 1238 3562 apud
1259 3479 1398 3545 Winte-

448 3580 540 3644 niam
560 3599 688 3644 novum
711 3579 1006 3661 archiepiscopum
1029 3580 1240 3643 constituere
1266 3587 1302 3642 et
1320 3599 1398 3662 sep

448 3685 517 3742 tem
534 3678 566 3741 ei
588 3679 769 3760 episcopos
798 3679 987 3759 assignare.
1038 3678 1119 3741 Hoc
1140 3697 1281 3760 quoque
1304 3698 1398 3742 anno

481 3890 489 3923 ¹
502 3894 630 3943 Eusebius.
647 3895 659 3958 ]
673 3894 742 3943 Edit.
759 3892 907 3956 cantabrig.
934 3893 1030 3943 tember
1039 3891 1112 3955 1143,
1120 3893 1180 3942 died
1189 3893 1215 3940 in
1222 3891 1313 3940 March
1324 3896 1399 3943 1144.

449 3966 522 4024 1⁷2⁰,
532 3978 577 4023 pp.
585 3967 674 4024 anas.
699 3964 753 4012 The
765 3964 852 4012 letters
864 3978 907 4012 are
969 3959 1101 4030 δικαίη]
1114 3963 1157 4011 the
1168 3961 1279 4022 second3
1292 3961 1326 4010 he
1338 3962 1399 4012 died

447 4032 501 4080 also
517 4032 618 4093 printed
630 4034 664 4094 by
675 4033 808 4081 Fabricius
826 4033 851 4080 in
868 4032 907 4081 his
932 4032 959 4080 in
970 4033 1100 4093 February
1112 4035 1185 4080 1145.

447 4101 534 4149 (bdex
544 4101 714 4163 Apoeryphus
733 4102 801 4150 Novi
818 4101 906 4151 Testa·
968 4099 977 4129 ⁴
993 4101 1153 4164 Witletmue]
1170 4100 1284 4148 william
1296 4099 1400 4150 Giffard

445 4171 531 4218 menti.
931 4170 992 4218 died
1003 4172 1030 4219 in
1042 4175 1115 4231 1128,
1127 4170 1177 4218 aud
1188 4183 1243 4218 was
1254 4171 1401 4220 succeeded

480 4235 683 4303 'Caelestinum
713 4239 841 4289 Gelestiue
863 4240 905 4289 the
931 4241 964 4300 by
977 4240 1107 4302 Henryoi
1116 4240 1188 4289 Blois
1205 4238 1401 4289 intheioliow-

447 4309 549 4370 second,
573 4308 665 4357 ohoseu
688 4323 754 4370 pope
776 4309 821 4358 oth
840 4310 904 4371 Sep·
930 4310 974 4370 ing
985 4324 1054 4370 year.
