3178 5194
453 507 519 574 368
711 521 845 572 uocum
868 523 916 570 nn
938 522 1147 571 wnunovnn

293 699 419 798 fflm.
455 679 589 744 dinales
614 697 745 762 apapa
761 655 899 757 missos,
916 677 1098 743 Albertum
1118 685 1154 742 et
1174 677 1406 758 Theodinum,

292 801 396 849 pamm
456 779 636 856 accedens,
665 784 747 861 post
775 778 899 860 longos
932 785 1117 854 tractatus,
1150 778 1187 842 in
1221 780 1409 860 praesentia

293 849 658 945 llllltttbeorundem
690 877 885 959 legatorum
914 877 1061 961 juravit,
1093 884 1239 942 mortem
1262 877 1408 942 Thomas

292 949 410 990 ΗΜ
454 977 618 1060 martyris
640 975 783 1058 gloriosi
808 995 872 1039 neo
898 975 1079 1040 voluntate
1105 994 1170 1040 sua
1195 977 1250 1040 vel
1273 977 1408 1042 consci-

457 1077 551 1142 entia
579 1082 814 1158 perpetratam
837 1075 956 1153 fuisse,
981 1093 1045 1138 nec
1067 1094 1131 1138 suo
1155 1075 1302 1140 artificio
1329 1095 1410 1158 per-

456 1176 639 1261 quisitam;
674 1175 735 1238 sed
763 1174 927 1257 quoniam
950 1173 1190 1257 malefactores
1216 1194 1261 1238 ex
1281 1175 1409 1251 verbiS,

457 1295 535 1358 quoe
553 1293 615 1337 rex
633 1274 822 1340 iracundiae
838 1273 953 1337 calore
974 1291 1162 1336 succensus
1176 1272 1290 1336 minus
1306 1280 1408 1338 caute

456 1374 661 1456 protulerat,
684 1372 778 1462 quod
801 1371 962 1436 videlicet
990 1372 1219 1454 nequissimos
1242 1373 1410 1436 commili-

458 1481 557 1536 tones
583 1472 792 1537 educaverat
816 1477 851 1535 et
871 1471 1026 1549 clientes,
1045 1471 1105 1553 qui
1127 1471 1240 1553 ipsum
1262 1472 1299 1535 in
1326 1491 1408 1554 pro·

457 1571 602 1636 ditorem
636 1590 737 1636 suum
764 1569 1059 1652 archiepiscopum
1085 1569 1269 1634 noluerunt
1294 1569 1408 1636 vindi·

456 1689 548 1748 care,
580 1670 796 1735 occasionem
827 1669 939 1734 virum
968 1668 1036 1733 Dei
1066 1676 1285 1751 sumpserant
1314 1669 1407 1752 peri·

455 1769 583 1846 mendi,
607 1789 670 1832 rex
693 1788 771 1833 cum
787 1787 923 1832 summa
943 1768 1139 1832 humilitate
1156 1767 1407 1833 absolutionem

457 1868 638 1950 postulans
671 1868 882 1951 impetravit.
934 1867 1100 1934 Promisit
1133 1867 1240 1949 igitur
1266 1887 1330 1932 rex
1359 1867 1405 1933 ad

458 1967 658 2038 mandatum
673 1968 880 2050 legatorum,
897 1967 990 2049 quod
1007 1973 1143 2031 tantum
1162 1967 1262 2032 daret
1284 1967 1327 2030 de
1349 1986 1406 2048 pe·

457 2068 561 2132 cunia
580 2085 656 2144 sua,
682 2067 774 2130 unde
795 2067 935 2131 ducenti
956 2066 1083 2130 milites
1106 2065 1150 2129 ad
1172 2065 1404 2132 defensionem

455 2173 559 2231 terroe
590 2172 720 2231 sanctae
752 2171 896 2248 possent
937 2164 1126 2229 sustentari
1160 2184 1223 2248 per
1255 2185 1406 2245 annum;

458 2263 617 2346 promisit
644 2265 797 2347 insuper,
817 2264 909 2348 quod
929 2264 1144 2347 permitteret
1166 2264 1327 2347 deinceps
1346 2284 1408 2346 ap.

459 2364 665 2447 pellationes
687 2365 795 2428 libere
822 2363 908 2442 fieri,
938 2370 974 2426 et
1004 2362 1097 2445 quod
1128 2363 1407 2440 consuetudines

460 2483 539 2545 quae
571 2463 644 2526 suis
677 2471 777 2528 erant
807 2462 1014 2527 introductae
1044 2463 1255 2544 temporibus
1286 2469 1407 2526 contra

460 2562 637 2626 libertates
657 2561 824 2640 ecclesiae,
836 2561 885 2644 in
907 2561 1042 2626 irritum
1058 2568 1247 2639 revocaret,
1264 2568 1301 2625 et
1314 2562 1407 2643 quod

460 2661 697 2743 possessiones
729 2659 991 2725 Cantuariensis
1022 2660 1189 2738 ecclesiae,
1211 2679 1298 2742 .quae
1328 2667 1409 2742 post

461 2778 633 2822 recessum
661 2759 912 2842 archiepiscopi
937 2759 1062 2824 ablatae
1085 2759 1235 2837 fuerant,
1263 2760 1408 2840 integrae

460 2857 705 2938 redderentur;
729 2849 896 2940 ‘promisit
918 2866 1098 2941 praeterea,
1117 2859 1210 2942 quod
1226 2859 1360 2924 clericis
1374 2863 1410 2921 et

461 2957 559 3020 laicis
574 2956 755 3039 utriusque
770 2975 887 3035 sexus,
903 2957 964 3039 qui
986 2977 1049 3040 pro
1070 2958 1173 3023 beato
1195 2965 1346 3040 martyre
1365 2957 1408 3020 de

461 3075 569 3137 reguo
601 3057 771 3134 exierant,
801 3076 880 3120 cum
913 3076 999 3139 pace
1033 3076 1098 3122 sua
1131 3057 1282 3141 recipere
1318 3058 1411 3120 bona

461 3156 577 3219 omnia
609 3162 644 3219 et
677 3156 784 3220 libere
815 3155 926 3220 redire
958 3155 1095 3235 licebit3
1130 3164 1165 3221 et
1195 3156 1262 3220 hoo
1295 3163 1408 3222 totum

460 3256 660 3337 promittere
683 3263 719 3320 et
735 3255 856 3339 jurare
879 3273 920 3319 ac
942 3254 1056 3319 facere
1082 3275 1126 3319 ex
1157 3262 1256 3337 parte
1281 3254 1410 3318 domini

460 3373 562 3437 papae
577 3355 651 3436 regi
670 3355 863 3440 injunctum
878 3362 932 3419 est
950 3354 1239 3418 inremissionem
1257 3354 1409 3418 omnium

460 3460 693 3535 peccatorum.
744 3447 845 3518 ²Reu
870 3473 953 3519 vero
975 3451 1130 3538 juvenis,
1155 3452 1317 3535 quioquid
1347 3472 1410 3516 rex

460 3559 561 3635 pater
569 3552 751 3636 juraverat
766 3560 802 3616 et
819 3553 1034 3635 promiserat,
1049 3553 1123 3636 ipse
1131 3553 1267 3636 juravit
1280 3558 1315 3615 et
1330 3571 1411 3634 pro-

461 3649 578 3730 misit3
608 3659 656 3728 et,
671 3652 724 3715 his
744 3653 795 3716 ita
815 3652 936 3734 gestis,
953 3671 1015 3716 rex
1030 3652 1173 3736 juvenis
1188 3670 1266 3714 cum
1283 3668 1412 3733 sponsa

461 3769 527 3813 sua
542 3749 745 3832 Margareta
760 3770 878 3814 mense
891 3749 1044 3834 Augusti
1067 3751 1103 3814 in
1118 3749 1284 3832 Angliam
1299 3756 1410 3814 trans-

496 3939 649 3992 ¹Eomodcm
667 3943 839 4006 legatorum]
871 3943 925 3993 'l'he
951 3944 979 3992 of
987 3944 1095 4006 Becket,
1104 3944 1136 3992 he
1145 3943 1271 3993 stretched
1282 3943 1322 3990 bis
1330 3942 1413 3990 hands

461 4014 570 4075 meeting
595 4027 651 4064 was
675 4013 735 4063 held
759 4019 787 4062 at
808 4013 925 4075 Abrenc;
949 4015 1061 4063 towards
1088 4015 1194 4075 heaven,
1220 4012 1271 4062 and
1299 4012 1412 4060 tbanked

461 4098 578 4144 compare
589 4084 741 4146 Quadrilog.
752 4098 779 4144 p.
791 4087 848 4133 147.
951 4083 1009 4134 God
1017 4084 1073 4133 that
1082 4083 1125 4132 the
1133 4084 1199 4132 deed
1210 4083 1262 4132 bad
1272 4084 1336 4131 been
1346 4081 1412 4130 done

495 4149 570 4201 ²Raa
598 4169 653 4202 cero
679 4153 787 4214 juvenis.
808 4148 821 4219 ]
858 4153 925 4201 Fitz·
950 4153 1058 4202 without
1069 4153 1109 4202 his
1120 4153 1283 4215 knowledge,
1299 4150 1350 4200 and
1366 4165 1414 4199 un·

459 4221 570 4282 Stephen
583 4223 641 4272 tells
654 4236 696 4284 us,
710 4223 773 4284 that,
789 4223 863 4271 when
881 4223 923 4271 tbe
949 4222 1025 4272 aided
1045 4224 1079 4284 by
1098 4237 1149 4284 any
1166 4223 1196 4272 ol
1211 4223 1252 4272 his
1269 4221 1394 4272 followers
1403 4235 1412 4282 ;

459 4305 544 4353 young
561 4291 623 4354 king
638 4292 717 4341 heard
727 4292 756 4342 of
769 4293 811 4342 tbe
822 4292 924 4342 murder
948 4308 975 4354 p.
987 4296 1028 4343 89.
