3138 5184
397 521 538 569 smnus
562 520 832 568 ursronranuu.
1032 506 1098 570 175

140 677 200 740 tuit
226 677 274 739 ibi
305 677 614 760 archiepiscopum
646 676 884 740 Baldevvinum
912 677 1097 759 quendam,
1111 697 1233 738 annua

140 775 292 858 quicum
315 777 411 840 duce
426 777 618 840 Godefrido
641 777 725 839 illuc
747 776 949 853 advenerat,
972 785 1019 854 et,
1042 799 1097 841 re·

140 877 214 938 licto
230 875 274 938 ad
295 876 502 940 custodiam
521 875 674 940 civitatis
697 875 859 958 praesidio
882 876 1035 952 militari,
1052 878 1096 940 ad

142 974 323 1039 Ramulam
341 975 540 1040 festinavit.
593 975 693 1038 Misit
707 993 748 1038 eo
765 981 919 1057 tempore
932 973 1098 1058 Caliphus

144 1075 282 1156 AEgypti
315 1075 516 1157 principem
546 1074 678 1136 militiae
717 1091 790 1138 suae
825 1081 947 1137 contra
980 1095 1098 1156 regem

143 1173 384 1238 Baldewinum
414 1192 494 1236 cum
524 1173 683 1236 undecim
710 1172 862 1236 millibus
886 1173 1041 1255 equitum
1063 1182 1099 1238 et

144 1272 261 1353 viginti
282 1273 445 1336 millibus
461 1271 627 1353 peditum,
644 1272 860 1360 praecipiens,
877 1278 916 1335 ut
931 1273 1097 1355 populum
1200 1254 1205 1266 ⁸

144 1371 272 1454 inopem
291 1379 329 1435 et
343 1371 545 1434 mendicum
565 1390 586 1433 a
608 1371 693 1447 suis,
717 1378 757 1434 ut
778 1371 950 1448 dicebant,
972 1371 1098 1435 finibus

144 1472 411 1553 propulsarent;
444 1489 532 1552 quos
555 1489 633 1532 cum
651 1487 714 1532 rex
729 1469 892 1534 advenire
914 1471 1098 1551 cognovis-

144 1579 202 1648 set,
217 1571 383 1634 obviavit
398 1568 467 1631 illis
482 1569 672 1651 intrepidus
690 1587 768 1631 cum
782 1569 955 1651 equitibus
972 1570 1100 1633 ducen-

144 1671 184 1732 tis
204 1677 239 1732 et
261 1669 458 1750 sexaginta
487 1674 522 1731 et
549 1668 724 1750 peditibus
747 1667 944 1748 nongentis,
975 1676 1022 1745 et,
1045 1669 1098 1731 in·

145 1776 263 1834 vocato
283 1769 329 1832 de
351 1767 512 1849 supernis
533 1767 678 1844 auxilio,
698 1766 845 1830 viriliter
865 1767 1040 1831 irruerunt
1062 1769 1098 1831 iu

145 1868 269 1944 hostes,
286 1867 418 1950 quibus
435 1867 472 1929 in
487 1865 605 1947 sugam
626 1866 826 1948 compulsis,
848 1867 996 1931 insecuti
1018 1873 1099 1930 sunt

147 1988 200 2031 eos
221 1967 348 2032 fideles
368 1985 480 2048 usque
494 1963 716 2041 Ascalonem,
738 1973 896 2047 stragem·
915 1974 1099 2047 operantes

147 2087 210 2130 non
236 2067 417 2130 modicam
445 2085 507 2148 per
535 2073 615 2130 octo
646 2062 819 2142 milliaria,
850 2071 887 2128 et
913 2073 1015 2128 nocte
1038 2065 1100 2128 illa

107 2171 109 2176 '
148 2168 294 2243 victores
312 2167 351 2228 iu
365 2165 615 2247 campestribus
631 2164 849 2246 quieverunt.
893 2162 1101 2228 Ceciderunt

148 2285 283 2348 quoque
297 2285 347 2330 ex
358 2263 515 2327 hostibus
532 2265 683 2346 quinque
700 2264 809 2327 millia
824 2263 988 2341 virorum,
1003 2271 1039 2327 et
1055 2285 1099 2328 ex

149 2365 274 2429 nostris
291 2364 429 2445 equites
446 2364 681 2445 septuaginta,
690 2363 823 2444 pedites
840 2370 956 2426 autem
971 2363 1099 2445 plures,

150 2484 294 2546 quorum
328 2469 444 2526 tamen
481 2470 596 2526 certus
634 2478 796 2526 uumerus
834 2481 904 2524 non
941 2461 1100 2526 habetur.

151 2563 372 2645 Principibus
397 2563 536 2626 interim
558 2561 757 2640 occidentis,
779 2562 822 2624 de
844 2560 971 2644 quibus
995 2581 1101 2644 supra

151 2663 343 2738 retulimuS,
358 2661 638 2744 Hierosolymam
655 2660 910 2737 festinantibus,
929 2681 992 2724 rex
1014 2661 1101 2725 Hie

152 2762 302 2826 rnsalem
320 2761 457 2825 obviam
474 2761 524 2824 eis
539 2760 726 2824 adveniens
748 2761 785 2824 in
805 2767 962 2824 sanctam
978 2761 1100 2826 civita-

151 2868 216 2924 tem
235 2880 315 2924 cum
333 2860 462 2942 gaudio
476 2860 683 2924 introduxit.

230 3032 389 3112 Quocirca
403 3031 559 3094 Hearicus
574 3039 674 3093 terras
691 3027 818 3093 Roberti
824 3029 949 3113 fratris
965 3030 1015 3093 sui

517 3127 650 3250 depopul
648 3138 731 3191 atur.

206 3254 311 3318 Anno
351 3253 492 3317 Domini
529 3269 630 3315 uc1v.
670 3251 824 3315 surrexit
851 3252 949 3315 inter
986 3269 1169 3359 regemari.
1181 3270 1237 3357 pp

154 3355 347 3418 Henricum
369 3360 404 3417 et
428 3352 620 3416 Robertum
647 3339 873 3414 Norinanniae
892 3350 1013 3413 ducem
1032 3349 1101 3413 ira·
1114 3320 1230 3408 lidii-⁰
1232 3328 1246 3356 ¹¹

153 3460 236 3530 trae,
254 3453 369 3536 causis
386 3450 689 3527 intercedentibus,
705 3449 889 3526 discordia,
913 3449 1004 3512 unde
1020 3467 1155 3525 rex,
1115 3419 1200 3483 'mm

153 3553 259 3616 missa
274 3553 311 3614 in
323 3550 574 3618 Normauniam
587 3549 807 3631 expeditione
822 3549 976 3625 militari,
994 3555 1103 3630 eaque
1138 3581 1141 3588 ·

154 3671 177 3714 a
199 3649 403 3735 quibusdam
423 3648 658 3732 proditoribus
680 3649 778 3712 ducis
804 3655 955 3733 recepta,
977 3647 1104 3729 praedis

156 3758 192 3814 et
222 3750 515 3826 combustionibus
546 3767 614 3812 non
645 3748 817 3813 modicam
842 3746 976 3810 cladem
994 3747 1103 3810 'rebus

156 3849 253 3914 ducis
282 3849 397 3912 subito
422 3846 636 3926 intuleruut3
669 3841 746 3910 ¹sed
764 3845 975 3923 willelmae,
989 3864 1104 3909 comes

157 3947 353 4025 Moretonii‚
369 3966 476 4011 causa
492 3947 645 4029 perfidiae
660 3967 770 4030 nuper
788 3955 810 4010 a
826 3955 907 4026 rege
929 3945 1104 4027 proscrip-

193 4167 257 4216 'Sed
268 4165 428 4226 willelma]
435 4163 557 4222 william,
564 4162 617 4211 earl
631 4161 819 4210 belf-brothers
841 4159 871 4208 of
889 4159 932 4208 the
952 4159 1106 4221 Conquerar.

157 4234 187 4283 ol
198 4235 306 4286 Mortain
323 4250 352 4282 cr
369 4233 513 4296 Mortegne,
532 4246 577 4281 son
592 4232 621 4280 of
642 4231 684 4280 He
699 4232 722 4280 is
736 4231 819 4280 called
836 4229 958 4278 Morteuil
975 4231 1010 4290 by
1022 4229 1107 4277 Hunt·

159 4305 226 4354 duke
248 4305 342 4352 Robert
359 4303 403 4357 tbe
423 4303 507 4352 eldest
528 4302 557 4350 ol
575 4301 618 4355 the
641 4301 744 4362 ingdon.
