3144 5180
450 535 517 606 344
703 555 839 606 aoennr
863 556 910 602 ne
933 553 1140 601 wennovnn

290 729 403 867 pipam
357 727 412 768 na.
454 720 488 775 et
511 711 635 777 fervidi
661 711 804 777 sormam
828 711 928 792 quasi
950 709 1166 792 sphaericam,
1186 726 1270 821 'quae
1295 707 1405 820 instar

453 931 521 993 que
542 909 822 992 incomparabilis
837 908 969 972 candor
984 908 1143 981 obduxit,
1166 907 1247 969 licet
1265 907 1403 969 modum

454 1010 632 1093 qualitatis
646 1010 771 1074 animae
786 1027 887 1072 nemo
901 1007 1016 1071 valeat
1033 1006 1218 1088 explicare.
1270 1004 1403 1069 Audito

455 1117 570 1173 autem
594 1109 690 1173 obitu
711 1109 779 1172 'viri
800 1107 924 1183 sancti,
947 1106 1032 1170 socii
1055 1105 1143 1188 ejus,
1165 1104 1225 1185 qui
1247 1113 1346 1168 erant
1367 1105 1403 1167 in·

455 1209 552 1272 curia
572 1209 666 1272 beati
688 1206 882 1282 Cuthberti,
904 1205 995 1268 inter
1019 1221 1107 1286 quos
1129 1203 1242 1268 fuerat
1261 1203 1403 1286 juvenis

455 1314 691 1384 conversatus,
701 1306 910 1389 sepelierunt
921 1324 997 1369 eum
1009 1305 1046 1367 in
1059 1303 1258 1367 coemeterio
1270 1301 1403 1366 Dunel·

456 1426 575 1470 mensi.

490 1576 578 1656 Quod
593 1575 694 1682 decim
712 1576 864 1640 tiedricus
879 1575 1123 1658 Hierosolymam
1133 1574 1292 1660 prosedas
1304 1593 1373 1637 eruo

716 1675 924 1759 prosperitate
939 1696 1075 1738 recusus
1090 1683 1141 1738 est.

461 1827 465 1832 ·
506 1799 650 1880 Sepulto
672 1798 791 1880 itaque
813 1797 952 1863 fratre
938 1817 1022 1881 Jam
1035 1797 1138 1875 dicto,
1155 1796 1328 1861 Godricus
1349 1818 1404 1861 re-

458 1899 607 1962 vertitur
624 1897 667 1961 ad
683 1897 868 1973 desertum,
884 1896 1148 1978 haesitans-quid
1167 1897 1211 1960 de
1227 1916 1265 1959 se
1277 1897 1405 1960 divinae

457 1997 504 2060 sit
532 1997 698 2078 placitum
727 1996 923 2074 voluntati;
959 1996 1040 2058 dum
1072 1996 1179 2077 igitur
1211 2015 1314 2077 super
1340 1995 1404 2058 hoc

457 2097 625 2158 attentius
649 2095 761 2158 Deum
788 2104 914 2172 oraret,
928 2115 997 2159 vox
1019 2095 1120 2176 lapsa
1141 2094 1184 2157 de
1206 2094 1292 2158 caelo
1315 2094 1405 2157 dixit

458 2195 502 2271 ei,
514 2200 527 2244 1‘
543 2194 695 2276 Expedit
718 2195 780 2259 tibi
803 2195 853 2257 ire
881 2191 1160 2276 Hierosolymam
1188 2201 1223 2256 et
1246 2192 1372 2256 reverti
1385 2197 1404 2268 ς’

458 2293 519 2356 sed
549 2301 584 2357 et
611 2301 752 2358 sanctus
779 2292 956 2357 confessor
979 2292 1109 2356 Christi
1136 2291 1346 2356 Cuthbertus
1372 2293 1404 2355 ei

459 2411 631 2474 apparens
653 2393 755 2468 dixit,
778 2391 901 2455 ‘Vade
925 2390 1206 2473 Hierosolymam
1228 2410 1307 2454 cum
1329 2390 1403 2454 Do-

459 2491 552 2554 mino
578 2491 744 2572 crucifigi,
769 2498 804 2554 et
830 2510 895 2573 ego
919 2491 981 2553 tibi
1003 2509 1079 2554 sum
1105 2490 1241 2555 futurus
1268 2490 1406 2574 adjutor

457 2590 494 2653 in
511 2591 667 2653 omnibus
686 2597 721 2653 et
738 2597 917 2672 patronus,
935 2597 981 2664 et,
1005 2590 1138 2653 itineris
1160 2589 1264 2671 hujus
1287 2589 1406 2653 labore

458 2696 710 2765 consummato,
725 2690 790 2751 sub
809 2709 885 2754 mea
902 2689 1115 2771 protectione
1130 2688 1222 2770 apud
1241 2688 1406 2752 Finchale

460 2787 612 2851 Domino
635 2787 825 2850 militabis.'
878 2787 1049 2852 Godricus
1064 2794 1179 2850 autem
1198 2786 1408 2850 Dunelmum

458 2904 617 2949 reversus
657 2886 795 2966 signum
830 2887 941 2949 crucis
972 2905 1049 2949 cum
1082 2887 1275 2969 presbyteri
1302 2888 1406 2950 bene-

459 2984 608 3046 dictione
636 2985 801 3067 suscepit.
855 2984 898 3048 In
924 2984 988 3049 hoc
1009 2985 1131 3048 itinere
1157 2992 1231 3048 erat
1256 2985 1287 3048 ei
1309 2986 1407 3048 cibus

459 3083 559 3164 panis
582 3082 792 3147 hordeaceus
815 3092 851 3147 et
872 3102 965 3166 aqua
987 3092 1101 3166 potus,
1118 3103 1187 3147 non
1202 3090 1316 3148 vestes
1332 3103 1407 3147 mu-

459 3182 549 3245 tavit
577 3201 640 3245 nec
669 3183 791 3257 abluit,
817 3195 898 3246 non
913 3183 1148 3246 calceamenta
1170 3182 1329 3265 deposuit
1353 3183 1409 3248 vel

460 3282 609 3345 mutavit
631 3289 693 3345 aut
707 3282 915 3358 emendavit,
932 3288 1118 3364 antequam
1134 3282 1176 3345 ad
1193 3281 1271 3346 loca
1287 3285 1410 3346 sancta

458 3381 614 3459 veniret3
646 3380 690 3444 ad
716 3381 934 3462 sepulchrum
957 3380 1098 3444 Domini
1121 3380 1219 3444 etad
1242 3381 1311 3444 alia
1332 3381 1410 3446 loca

459 3487 583 3543 sancta
610 3481 751 3543 veniens
780 3481 904 3544 devote
932 3481 1058 3557 oravit,
1085 3480 1281 3563 lachrymas
1308 3479 1409 3557 ludit,

461 3577 536 3641 solo
561 3579 718 3655 adhaesit,
741 3579 860 3642 oscula
883 3578 973 3655 fixit,
1001 3579 1051 3643 ita
1079 3579 1225 3643 devotus
1256 3579 1409 3643 existens

461 3685 501 3738 ut
516 3678 577 3741 vix
593 3677 735 3741 cuilibet
749 3678 911 3741 credibile
927 3679 1113 3742 videretur.
1169 3677 1226 3742 Ad
1243 3677 1266 3741 J
1269 3678 1408 3742 ordanis

461 3774 592 3839 fluenta
607 3776 807 3857 procedens,
825 3796 902 3840 cum
918 3777 1030 3841 cilicio
1044 3784 1079 3840 et
1093 3777 1237 3860 scypho,
1254 3796 1356 3859 quem
1372 3779 1408 3840 in

460 3867 543 3955 pera
564 3875 740 3956 portabat,
756 3882 791 3938 et
812 3895 914 3940 cruce
935 3876 1083 3952 modica,
1099 3896 1203 3958 quam
1223 3895 1358 3958 semper
1372 3876 1408 3939 in

460 3974 619 4036 manibus
650 3973 791 4048 ferebat,
821 3992 930 4055 aquas
961 3975 1112 4038 fluminis
1136 3975 1316 4051 introivit,¹
1330 3995 1408 4058 quae

460 4073 554 4134 omni
588 4079 668 4153 post
694 4080 849 4153 tempore
882 4093 952 4155 quo
984 4074 1071 4138 vixit
1101 4073 1222 4137 habuit
1254 4074 1408 4152 cariora3

455 4177 545 4233 tunc
572 4172 682 4252 primo
703 4177 816 4235 vestes
839 4173 947 4248 exuit,
969 4172 1012 4236 de
1035 4191 1105 4254 qua
1128 4172 1220 4235 lotus
1243 4173 1411 4250 ascendit,

459 4269 697 4332 calceamenta
708 4270 868 4351 deposuit
885 4278 919 4334 et
937 4271 1037 4348 dixit,
1049 4271 1165 4334 ‘Deus
1181 4272 1410 4354 omnipotens,
