3138 5184
410 519 477 582 248
671 529 805 577 nonum
831 529 877 574 nu
900 527 1129 602 wnnnovnn

416 761 503 841 Quod
518 760 583 824 aaa
598 760 803 824 Normonniae
815 758 970 822 Henrirnr
980 757 1112 822 Alienor
1124 757 1216 821 datan
1231 778 1369 821 unorum

253 908 376 948 nomm.
429 923 431 928 -
465 885 569 950 Anno
589 883 728 948 Domini
751 900 851 946 nrum.
869 883 941 946 dux
963 881 1245 946 Normanuorum
1266 879 1370 944 Heu-

254 956 393 1046 {iiiiii
415 984 507 1048 ricus
539 983 640 1046 duxit
671 981 816 1045 Alienor
852 981 1025 1063 quondam
1057 981 1227 1061 reginam,
1261 998 1369 1062 quam

254 1056 392 1145 {iiiiii-
418 1082 624 1149 Lodowicus
649 1101 711 1144 rex
737 1099 828 1144 anno
853 1080 1030 1162 praeterito
1052 1087 1194 1161 propter
1219 1097 1370 1142 consan-

257 1164 379 1204 ΝΜ
417 1180 624 1263 guinitatem
644 1179 833 1255 dimiserat,
852 1187 888 1242 et
904 1179 954 1242 sic
967 1178 1081 1242 iactus
1098 1184 1152 1241 est
1168 1177 1241 1240 dux
1255 1177 1371 1259 Aqui-

418 1281 522 1344 taniae
544 1287 581 1342 et
608 1297 723 1342 comes
751 1277 932 1353 Pictaviae,
955 1278 1015 1358 qui
1039 1277 1135 1359 prius
1157 1275 1270 1340 suerat
1292 1276 1369 1339 dux

419 1377 701 1442 Normannorum
734 1384 769 1440 et
802 1377 924 1441 consul
956 1375 1249 1456 Andagavorum;
1283 1367 1370 1456 'qno

420 1476 551 1552 audito,
567 1495 630 1539 rex
646 1476 857 1539 Francorum
875 1475 1081 1538 Lodowicus
1103 1480 1294 1537 commotus
1314 1480 1372 1537 est

419 1571 639 1638 vehementer
669 1582 792 1638 eontra
820 1574 946 1660 ducem¹
973 1572 1177 1649 Henricom,
1202 1592 1243 1636 eo
1274 1571 1369 1655 quod

421 1679 587 1754 genuerat
608 1672 696 1735 duas
722 1672 810 1735 filias
835 1692 879 1735 ex
904 1673 1072 1754 praedicta
1093 1671 1249 1748 Alienor,
1280 1690 1369 1752 qua-

420 1778 562 1854 propter
578 1771 690 1850 noluit
706 1777 746 1834 ut
767 1771 829 1833 illa
852 1773 897 1835 ab
918 1773 1035 1853 aliquo
1057 1770 1147 1835 filios
1166 1771 1372 1852 susciperet,

421 1890 483 1953 per
499 1888 586 1950 quos
603 1869 908 1934 exhaeredarentur
921 1870 1002 1933 filiae
1018 1876 1229 1934 memorata.
1282 1868 1373 1932 Post

422 1969 547 2033 festum
562 1989 645 2033 vero
665 1969 778 2032 sancti
795 1968 817 2032 J
821 1968 979 2045 ohannis
1000 1987 1077 2031 oum
1099 1967 1172 2030 dux
1195 1966 1373 2030 Henrious

423 2075 515 2132 esset
536 2068 629 2150 apud
653 2067 922 2144 Barbefluvium,
945 2074 985 2130 ut
1006 2067 1051 2130 ad
1067 2065 1231 2147 Angliam
1254 2072 1372 2130 trans-

422 2167 577 2244 fretaret,
600 2177 835 2231 convenerunt
857 2167 894 2230 in
921 2186 1027 2230 unum
1054 2185 1117 2230 rex
1144 2165 1371 2243 Francorum,

423 2265 633 2329 Eustachius
659 2265 750 2330 filius
767 2253 862 2347 ¹regis
889 2265 1070 2347 Stephani,
1095 2283 1210 2329 comes
1236 2264 1373 2329 Robor-

423 2373 480 2429 tns
512 2364 732 2443 Perticensis,
763 2383 877 2428 eomes
910 2363 1085 2427 Henrieus
1117 2362 1372 2445 campanensis

423 2471 458 2527 et
482 2460 673 2526 Gaufridus
700 2459 812 2526 frater
828 2463 925 2527 ducis
949 2462 1106 2540 Henriei,
1133 2481 1212 2526 cum
1236 2462 1370 2544 ingenti

423 2561 525 2642 copia
545 2567 769 2638 armatorum,
789 2569 828 2625 ut
839 2562 918 2625 duci
935 2562 1089 2626 Henrico
1108 2561 1374 2640 Normanniam,

422 2657 663 2740 Andagaviam
687 2679 763 2723 cum
789 2660 917 2725 ducatu
942 2660 1154 2744 Aquitaniae,
1180 2667 1216 2723 et
1234 2659 1373 2724 omnem

424 2765 551 2822 terram
572 2777 645 2824 suar
662 2758 907 2823 dominationis
935 2759 1120 2836 auferrent,
1142 2778 1247 2841 quam
1266 2761 1374 2822 etiam

424 2857 459 2919 hi
490 2857 642 2939 quinque
670 2858 735 2922 viri
768 2866 928 2941 potentes
963 2860 1054 2922 inter
1085 2878 1123 2922 se
1155 2877 1376 2941 praepropere

424 2955 627 3019 diviserunt.
690 2954 944 3022 Convenientes
982 2958 1089 3039 igitur
1129 2976 1247 3021 omnes
1278 2959 1370 3039 apud

425 3053 785 3132 Novum—mercatum,
805 3065 957 3120 castrum
978 3057 1156 3121 obsidione
1179 3057 1376 3132 cinxerunt,

425 3160 459 3215 et
480 3152 621 3216 fratrem
638 3153 735 3218 ducis
758 3153 964 3220 Gausridnm
984 3155 1153 3219 miserunt
1169 3175 1247 3218 oum
1267 3175 1375 3218 mann

426 3251 573 3329 armata,
600 3260 640 3316 ut
669 3260 792 3317 contra
823 3254 942 3318 ducem
969 3253 1209 3336 Andegaviam
1238 3273 1376 3337 expug-

426 3358 536 3414 naret.
600 3350 690 3414 Haee
714 3353 857 3416 audiens
884 3353 956 3417 dux
982 3353 1157 3417 Henricus
1180 3355 1324 3416 recessit
1353 3374 1375 3418 a

427 3448 662 3526 Barbefluvio,
691 3452 832 3515 obsesso
864 3453 1007 3516 castello
1038 3473 1102 3535 pro
1135 3453 1264 3516 viribus
1294 3453 1378 3516 sub-

425 3555 605 3624 venturus,
629 3549 701 3624 sed,
723 3557 908 3632 antequam
929 3551 1001 3615 dux
1020 3552 1103 3614 illuc
1128 3552 1272 3628 veniret,
1298 3552 1378 3614 red-

426 3645 535 3709 ditum
556 3654 610 3710 est
625 3648 805 3711 castellum
823 3652 897 3731 regi
919 3650 1131 3714 Francorum
1151 3649 1270 3713 fraude
1289 3650 1376 3714 illud

427 3743 698 3822 observantium,
721 3767 762 3810 ac
787 3748 817 3811 si
841 3757 932 3812 esset
957 3749 1126 3834 violenter
1155 3755 1378 3831 praereptum.

427 3841 527 3906 Tune
545 3844 617 3906 dux
639 3844 814 3909 Henricus
834 3855 1099 3912 castrametatus
1121 3854 1175 3911 est
1187 3849 1294 3931 juxta
1311 3848 1380 3911 flu-

426 3941 521 4004 vium
539 3941 711 4020 Andellae,
730 3952 765 4007 et
779 3953 913 4026 partem
933 3947 1026 4008 illam
1042 3946 1224 4011 Wilcasini
1240 3945 1380 4028 afflixit,

420 4057 505 4120 ,quae
522 4049 576 4105 est
590 4043 680 4106 inter
697 4043 812 4106 Iccam
829 4044 970 4108 flumina
983 4053 1019 4109 et
1035 4045 1232 4114 Andellam.
1286 4046 1379 4122 Haeo
1484 4055 1495 4069 ¹

562 4255 564 4259 '
583 4255 590 4286 ¹
604 4259 658 4314 Quo
669 4259 774 4322 audita]
792 4259 885 4308 Chron.
899 4259 1021 4307 Norman·
1034 4257 1186 4324 1³·⁰5⁶r§⁰·
