3178 5194
455 525 593 574 seorsus
617 525 884 577 rrrsronrsnuu.
1078 511 1145 576 419

190 681 226 744 in
248 682 428 764 provincia
450 683 517 747 sibi
539 683 680 748 subdita
697 684 842 766 accepit.
894 683 1025 748 Eodem
1051 697 1278 751 annot-¹³·11u·

189 780 387 845 Willelmus
408 782 450 846 de
464 782 550 860 Ver,
570 784 606 847 in
631 783 721 847 festo
741 783 835 847 beati
856 783 1047 861 Laurentii,
1067 784 1142 849 He·

190 879 399 946 refordensis
442 889 496 947 est
531 889 755 948 consecratus
793 882 951 947 antistes.
1010 883 1139 948 Eodem

190 998 282 1044 anno
300 974 521 1058 ¹Gaufridus,
537 1001 653 1046 comes
674 982 867 1045 Britanniae
887 990 922 1046 et
936 981 1027 1046 filius
1047 983 1140 1066 regis

190 1076 342 1160 Angliae,
364 1079 454 1144 diem
477 1081 603 1145 clausit
630 1100 829 1163 supremum
855 1080 987 1147 decimo
1015 1091 1139 1166 quarto

190 1175 356 1243 kalendas
379 1179 602 1262 Septembris,
620 1188 656 1244 et
674 1180 831 1263 sepultus
854 1188 908 1244 est
924 1180 1081 1244 Parisino
1103 1183 1139 1244 in

191 1277 335 1342 ecclesia
362 1278 474 1342 beatae
507 1279 631 1343 Mariae
659 1279 696 1342 in
734 1278 839 1342 ohoro
872 1280 1137 1360 canonicorum

190 1377 331 1459 reliquit
346 1385 462 1442 autem
478 1378 564 1442 duas
582 1378 684 1455 filias,
700 1395 788 1460 quas
803 1385 972 1459 genuerat
988 1398 1033 1442 ex
1046 1377 1138 1444 Con-

189 1477 320 1540 stantia
346 1495 456 1541 uxore
483 1497 560 1554 sua,
586 1477 659 1542 filia
683 1477 815 1542 seilicet
840 1476 974 1542 Conani
1001 1479 1137 1542 comitis

189 1575 391 1653 Britanniae,
414 1595 492 1659 quae
512 1576 616 1641 etiam
633 1584 788 1660 tempore
803 1596 872 1660 quo
889 1577 943 1642 vir
958 1577 1034 1662 ejus
1051 1579 1138 1642 obiit

189 1675 335 1756 gravida
354 1676 432 1754 fuit,
454 1694 531 1759 quae
548 1683 671 1760 postea
689 1677 798 1741 filium
815 1678 953 1759 pariens
969 1675 1137 1742 Artumm

187 1771 283 1838 illum
301 1775 452 1840 vocavit.
505 1777 636 1840 Eodem
654 1795 746 1840 anno
767 1774 888 1857 Hugo,
902 1796 1029 1857 genere
1046 1777 1136 1840 Bur-

189 1873 325 1954 gundus
345 1882 382 1938 et
402 1876 496 1957 prior
511 1874 767 1940 Carthasiensis
789 1875 919 1938 ordinis
940 1876 977 1938 in
994 1872 1136 1955 Anglia,

188 1980 410 2038 consecratus
436 1981 491 2038 est
512 1975 694 2057 episcopus
718 1972 969 2038 lincolniensis
991 1973 1028 2036 in
1046 1972 1135 2037 festo

189 2073 301 2137 sancti
315 2072 496 2154 Matthaei3
515 2082 551 2138 et
566 2074 686 2139 eodem
703 2072 759 2136 die
772 2073 970 2137 Willclmus
987 2071 1030 2135 de
1042 2071 1135 2135 Nor·

188 2169 266 2236 hale
301 2180 524 2238 consecratus
559 2180 613 2237 est
646 2171 900 2254 Wigomiensis
941 2171 1134 2253 episcopus.

188 2271 318 2336 Eodem
351 2291 455 2350 anno,
487 2271 649 2337 defuncto
678 2291 771 2355 popa
802 2271 923 2348 Lucio,
952 2265 1136 2334 ²Urbanus

186 2372 363 2437 successit.
416 2371 594 2436 Paridem
615 2378 752 2454 tempus
771 2370 794 2434 J
797 2370 963 2447 ohannes,
982 2387 1135 2452 praecen-

187 2476 242 2534 tor
273 2471 495 2549 Exonieusis,
527 2469 682 2555 ejusdem
716 2470 873 2534 ecclesiae
912 2475 1135 2533 consecratus

186 2576 240 2634 est
253 2570 409 2634 antistes.
739 2591 741 2596 s

189 2741 278 2820 Quod
290 2764 382 2828 papo
403 2743 549 2810 Urbanus
567 2745 763 2822 Buldewiao,
786 2741 1008 2808 ductantes·
1028 2741 1135 2806 urchi·

234 2843 382 2924 sputus,
411 2846 552 2910 concessit
580 2855 616 2910 ut
651 2853 834 2912 construeret
864 2844 1020 2909 ecclesium
1049 2840 1138 2927 apud

234 2937 435 3002 Aktetoaum.

237 3057 368 3122 Eodem
385 3068 540 3143 tempore
555 3082 648 3145 papa
666 3065 829 3146 Urbanus
847 3065 1062 3140 Baldowino,
1078 3082 1133 3125 ar·
1147 3085 1250 3128 uetares

185 3157 404 3241 chiepiscopo
420 3159 673 3236 Cantuariensi,
687 3155 843 3242 ³scripsit
865 3162 900 3224 in
917 3161 992 3224 haec
1009 3163 1131 3240 verha;
1146 3137 1301 3235 Ξὶῗιῖἳιῗέἓὲτ

185 3257 435 3322 ‘Praesentium
450 3258 515 3322 tibi
530 3259 736 3322 auctoritate
748 3258 962 3337 mandamus,
974 3265 1014 3323 ut
1030 3259 1135 3324 liccat
1146 3236 1282 3284 ⁰⁸⁰²⁸'''”¹''

185 3359 249 3422 tibi
276 3358 458 3423 ecclesiam
482 3358 519 3422 in
551 3356 715 3421 honorem
737 3349 921 3421 beatorum¹
942 3366 1133 3444 martyrum

186 3457 354 3541 Stephani
371 3465 406 3523 et
420 3458 564 3523 Thomas
583 3464 795 3532 construere,
811 3465 846 3521 et
857 3457 900 3521 de
911 3457 1043 3521 idoneis
1059 3457 1133 3540 jam

185 3575 308 3622 ornare
325 3557 493 3640 personis,
510 3558 635 3640 quibus
651 3556 829 3633 beneficia,
853 3575 931 3640 quae
953 3555 998 3619 ad
1015 3576 1133 3620 eorum

184 3652 471 3722 sustentationem
489 3656 723 3733 constitueris,
744 3655 907 3720 canonice
927 3655 1054 3720 debeas
1077 3674 1133 3719 ns-

185 3756 335 3836 signare.
389 3757 479 3822 Item
510 3755 720 3820 fraternitati
749 3763 824 3819 tuae·
848 3753 1064 3830 mandamus,
1094 3762 1134 3818 ut

184 3862 426 3938 quartaparte
443 3855 668 3931 oblationum,
688 3874 767 3936 quae
788 3853 832 3917 ad
856 3853 1020 3935 reliquias
1039 3853 1134 3916 beati

219 4034 227 4067 ¹
238 4035 398 4104 Gustatus]
425 4039 451 4086 1t
464 4039 488 4088 is
504 4035 650 4087 Hoveden’e
710 4033 871 4099 wedam}
881 4035 924 4084 the
935 4033 1020 4095 third;
1037 4034 1136 4084 elected

186 4111 294 4156 account
303 4107 358 4157 that
374 4108 407 4157 he
420 4123 476 4172 uas
492 4108 572 4157 killed
588 4109 649 4168 bys
673 4107 700 4155 iu
712 4106 856 4156 November
865 4099 937 4168 1185,
947 4104 1008 4154 died
1018 4105 1045 4152 in
1056 4103 1134 4154 Octo-

184 4176 229 4224 fall
247 4175 309 4226 from
327 4177 368 4226 his
384 4178 500 4227 horse'st
514 4193 531 4227 a
548 4181 650 4226 tourne-
673 4177 804 4225 ber1187.

183 4251 258 4294 ment.
283 4246 339 4295 The
350 4247 448 4296 Frenoh
460 4247 595 4297 historiens
602 4239 649 4308 say
702 4237 855 4312 'Scripsit.]
872 4243 958 4292 Dated
972 4243 1081 4304 Verona,
1098 4245 1136 4292 lst

182 4315 237 4364 that
248 4314 280 4363 he
291 4316 351 4365 died
362 4317 392 4366 ol
399 4332 415 4366 e
426 4317 507 4366 lever.
674 4315 801 4376 October,
818 4313 919 4375 Diceto,
929 4309 978 4362 col.
989 4317 1047 4363 uel.

961 4385 977 4430 2
989 4394 1004 4429 Ε
1015 4387 1031 4432 2
