3138 5184
398 531 536 584 cuorus
561 535 831 584 ulsrorunnuu.
1021 525 1080 588 161

126 689 216 754 duce
237 689 533 767 Normnnnornm,
552 692 644 772 regis
659 690 813 756 defuncti
829 691 935 755 fratre
956 694 1081 775 primo·
1095 717 1149 757 an.
1164 720 1217 758 uua

125 789 259 869 genito,
281 791 341 872 qui
360 791 437 874 Jam
461 811 524 873 per
546 789 818 874 quinquennium
844 791 881 853 in
909 794 1080 874 expediti·

126 907 192 952 oue
211 889 537 972 Hierosolymitana
553 909 685 954 moram
706 897 939 974 protraxerat,
955 893 1079 958 timue·

126 996 206 1052 runt
219 989 281 1052 diu
294 988 369 1052 sine
386 989 552 1070 regimine
568 989 752 1068 vacillare;
781 989 874 1071 quod
890 989 1079 1070 Henricuu,

125 1087 273 1152 fratrum
297 1089 441 1152 ultimus
469 1095 505 1151 et
525 1089 666 1171 juvenis
689 1089 977 1170 sapientissimus,
999 1111 1077 1156 oum

125 1187 249 1251 callide
275 1189 509 1269 cognovisset,
536 1193 750 1270 congregato
773 1187 962 1252 Londoniis
985 1191 1077 1256 clero

125 1283 267 1367 Angliae
298 1294 335 1350 et
362 1287 491 1371 populo
524 1288 696 1365 universo,
727 1288 887 1370 promisit
916 1291 1076 1354 emenda-

125 1383 256 1449 tionem
289 1386 419 1468 legum,
451 1387 577 1469 quibus
609 1405 776 1469 oppressa
805 1386 920 1450 fuerat
946 1387 1077 1470 Anglia

126 1489 283 1567 tempore
307 1486 418 1567 patris
445 1486 500 1549 sui
521 1493 557 1549 et
575 1486 693 1549 fratris
718 1505 828 1568 nuper
849 1483 1013 1564 defuncti,
1037 1498 1077 1554 ut

125 1585 259 1648 animos
288 1585 440 1648 omnium
463 1584 499 1647 in
525 1585 580 1648 sui
601 1586 853 1668 promotionem
875 1586 1076 1652 accenderet

126 1689 159 1745 et
171 1703 341 1760 amorem,
358 1684 409 1748 ita
428 1683 581 1748 utillum
602 1685 637 1748 in
662 1703 779 1766 regem
801 1684 1017 1767 susciperent
1040 1695 1076 1751 et

125 1788 321 1862 patronum.
375 1783 431 1848 Ad
447 1783 522 1847 haec
535 1784 627 1848 clero
643 1784 872 1866 respondente
884 1783 1075 1867 et'magna·

125 1881 214 1945 tibus
239 1883 389 1960 cunctis,
415 1883 508 1966 quod
528 1883 558 1946 si
581 1884 697 1946 auimo
711 1883 850 1946 volente
868 1884 954 1965 ipsis
970 1884 1076 1950 vellet

124 1982 313 2046 concedere
338 1989 373 2047 et
398 1983 519 2046 charta
542 2001 608 2047 sua
631 1983 842 2047 communire
869 1982 948 2046 illas
970 1983 1074 2047 liber·

125 2086 214 2146 tates
242 2089 281 2145 et
298 2082 565 2146 consuetudines
588 2083 762 2164 antiquas,
781 2101 859 2164 quae
884 2081 1075 2147 floruerunt

123 2181 158 2243 in
171 2200 284 2261 regno
300 2187 455 2263 tempore
471 2181 584 2244 sancti
600 2181 692 2262 regis
711 2181 884 2258 Edwardi,
901 2181 937 2244 in
959 2182 1073 2264 ipsum

121 2281 360 2344 consentirent
391 2288 427 2344 et
455 2281 491 2343 in
513 2299 630 2362 regem
656 2281 865 2344 unanimiter
893 2300 1074 2345 consecra·

122 2388 207 2444 rent.
264 2379 419 2444 Henrioo
443 2387 559 2444 autem
584 2378 650 2443 hoc
669 2380 816 2444 libenter
832 2387 1017 2457 annuente,
1040 2388 1075 2445 et

122 2497 160 2540 se
174 2479 210 2542 id
228 2479 402 2543 facturum
424 2498 501 2542 cum
514 2479 715 2562 juramento
730 2477 933 2558 affirmante,
951 2498 1073 2544 conse-

121 2587 242 2642 cratus
272 2578 387 2645 estin
412 2597 529 2659 regem
554 2579 648 2661 apud
666 2578 1015 2644 westmonasterium
1038 2581 1074 2643 in

122 2671 191 2741 die¹
203 2677 466 2758 Assumptionis
482 2677 594 2742 beatae
614 2677 750 2755 Mariae,
770 2677 907 2742 favente
929 2678 1022 2744 clero
1040 2687 1075 2741 et

122 2776 273 2858 popu103
308 2776 368 2858 qui
395 2778 573 2853 continuo,
591 2796 668 2840 cum
683 2777 797 2840 fuerat
811 2777 1005 2842 diademate
1020 2778 1073 2840 in-

122 2877 286 2956 signitus,
303 2874 367 2939 has
382 2869 578 2940 ²libertates
598 2877 809 2957 subscriptas
829 2877 864 2940 in
890 2896 1010 2959 reguo,
1029 2877 1073 2940 ad

121 2975 373 3038 exaltationem
398 2981 529 3048 sanctae
557 2976 711 3040 ecclesiae
738 2983 772 3040 et
794 2995 914 3058 pacem
941 2976 1074 3060 populi,

121 3074 291 3138 tenendas
308 3074 488 3140 concessit.

140 3251 190 3314 De
207 3247 410 3328 abacorum,
425 3273 502 3335 quos
516 3273 571 3315 reo
585 3253 741 3316 Henrieus
755 3253 790 3316 io
805 3273 895 3337 renuo
910 3253 1052 3318 caudas

522 3353 671 3416 concutit.

170 3471 384 3551 ‘Henrioua
402 3475 468 3539 Dei
486 3475 601 3558 gratia
612 3494 674 3537 rex
689 3472 842 3555 Angliae,
864 3473 1010 3556 Hugoni
1030 3475 1072 3540 de
1085 3499 1222 3542 artuum.

8 3567 9 3594 ¹
120 3571 301 3636 Boclande
326 3573 520 3638 vicecomiti
549 3581 585 3637 et
614 3573 776 3638 omnibus
804 3572 962 3636 fidelibus
988 3575 1072 3652 suis,

118 3679 192 3734 tam
222 3671 367 3736 Francis
392 3691 496 3755 quam
519 3670 657 3754 Anglis,
678 3673 715 3735 in
734 3665 1072 3753 ³Heresordesohire,

117 3771 281 3835 salutem.
321 3771 445 3834 Sciatis
459 3791 514 3836 me
523 3771 592 3834 Dei
608 3771 842 3835 misericordia
855 3778 892 3834 et
902 3774 1073 3837 communi

154 3961 225 4012 11>ἰε
235 3962 417 4026 Assumptionis
434 3962 510 4012 decta
526 3964 584 4012 Mc·
644 3959 899 4026 ’Herdordercitired
911 3963 1073 4016 'l'hieshould

116 4033 188 4096 rina]
204 4033 258 4081 The
270 4033 331 4080 rsth
342 4031 371 4080 of
378 4033 491 4096 August.
608 4034 640 4082 be
661 4032 858 4095 Hertfordshire,
878 4036 904 4080 to
926 4033 968 4081 the
988 4033 1078 4083 eheriff
1150 4048 1152 4052 ·
1209 4057 1211 4061 ·

153 4100 334 4165 'Libertatee.]
359 4101 384 4150 A
404 4117 470 4164 copy
487 4101 585 4151 of'this
610 4102 638 4150 of
645 4101 730 4150 which
737 4102 880 4151 wendover
888 4101 1023 4152 addresscs
1031 4103 1074 4151 the

117 4171 221 4221 chartei·
232 4187 290 4232 may
301 4173 333 4220 be
345 4173 400 4220 also
411 4172 490 4221 found
506 4173 532 4221 iu
543 4172 586 4220 the
611 4167 719 4230 chartei,
735 4183 764 4219 as
780 4170 822 4220 the
839 4177 932 4234 county
949 4173 975 4220 in
990 4171 1075 4223 which

116 4242 216 4291 Textus
233 4241 370 4304 Eetioneia,
391 4242 453 4292 edit.
474 4243 589 4302 Hearne,
612 4242 638 4290 S.
650 4235 755 4288 Alban's
766 4254 821 4288 was
832 4241 952 4290 situated.

172 4401 251 4448 VOL.
269 4401 308 4448 11.
899 4401 924 4444 Μ
