3190 5202
415 600 553 648 rnoans
576 601 844 651 nrsronrraun.
1063 586 1106 650 19

153 770 230 843 eam
245 752 282 814 in
297 754 406 831 brevi,
423 756 567 820 consilio
583 751 828 822 ¹Lateravenci
844 755 1105 822 cantuariensis
1116 774 1173 816 en·
1183 773 1239 816 1⁰⁷⁷-

153 850 403 935 archiepiscopi
431 860 467 917 et
488 856 631 932 anxilio,
650 856 886 938 multipliciter
905 857 1105 938 ampliavit3

154 969 280 1013 novam
303 950 483 1015 ecclesiam
503 974 580 1016 cum
599 955 752 1018 claustro
770 962 805 1018 et
825 955 983 1018 omnibus
1003 975 1105 1037 regu·

153 1048 284 1112 laribus
306 1048 450 1113 officinis
472 1050 651 1131 eleganter
672 1052 879 1129 construxit,
894 1053 1047 1117 ordinem
1069 1055 1105 1117 in

155 1165 197 1209 ea
220 1147 466 1211 monachorum
479 1149 554 1232 jam
573 1169 672 1231 paene
688 1150 879 1232 collapsum
893 1151 1105 1229 reformavit,

155 1246 421 1327 coenobiumque
443 1248 479 1309 in
502 1247 667 1311 honorem
683 1248 778 1312 beati
798 1249 960 1330 martyris
976 1247 1104 1312 Albani

155 1349 392 1408 constructum
418 1345 515 1407 libris
539 1346 666 1410 divinis
691 1352 726 1409 et
753 1346 963 1409 ornamentis
989 1347 1105 1410 multi·

155 1441 292 1522 pliciter
308 1443 503 1507 adornavit.
538 1443 669 1507 Eodem
684 1463 775 1507 anno
792 1443 1026 1520 Herlewinus,
1044 1446 1106 1506 ab·

155 1539 217 1601 bas
236 1540 339 1603 Beooi
357 1541 500 1621 primus,
516 1541 589 1604 vita
605 1541 785 1618 decedens,
800 1541 933 1604 felicem
956 1543 1105 1605 animam

155 1655 220 1700 suo
231 1637 380 1700 reddidit
389 1637 568 1717 Creatori3
586 1658 655 1721 quo
673 1639 778 1702 etiam
793 1658 896 1716 anno,
909 1640 946 1702 in
956 1640 1011 1703 die
1021 1639 1105 1703 Pal-

154 1751 302 1811 marum,
320 1737 412 1798 circa
431 1735 551 1799 horam
574 1744 723 1814 sextam,
745 1757 866 1801 sereno
889 1738 987 1814 caelo,
1004 1738 1106 1801 stella

154 1832 278 1913 ingens
295 1835 459 1917 apparuit
476 1854 583 1918 prope
598 1834 718 1899 solem.

263 2004 312 2066 De
327 2003 486 2068 sommae
500 2005 582 2068 lotor
589 2025 712 2088 popum
726 2013 755 2067 at
769 2003 992 2088 iaperatorem.

221 2123 352 2188 Eodem
384 2144 476 2190 anno
509 2125 685 2189 Henricns
716 2126 916 2206 imperator,
943 2119 1107 2188 ²collecto
1120 2142 1253 2192 narnien-

155 2221 365 2286 Wormaciae
382 2225 506 2305 viginti
528 2231 678 2306 quatuor
700 2224 940 2304 episcoporum
962 2233 997 2287 et
1018 2223 1107 2285 mul·
1118 2193 1270 2291 ffiii‘as

158 2326 272 2384 torum
296 2322 442 2386 concilio
468 2321 674 2404 principum,
700 2321 837 2384 decerni
855 2321 968 2404 jubet,
992 2301 1221 2383 omnia'm¹'⁸¹⁰¹'

156 2417 296 2482 decreta
315 2425 351 2482 et
367 2420 461 2483 facta
478 2419 640 2502 Gregorii
659 2439 771 2501 papae,
790 2419 850 2499 qui
874 2419 970 2500 prius
985 2417 1109 2482 Hilde-

156 2516 311 2581 brandus
333 2517 523 2595 dicebatur,
547 2518 671 2581 debere
692 2517 841 2595 irritari3
866 2516 983 2598 ibique
1008 2537 1108 2580 omne

156 2616 352 2691 concilium,
368 2622 495 2696 praeter
513 2635 655 2697 paucos,
671 2613 949 2678 Hildebrandum
966 2615 1107 2696 abjura-

157 2713 220 2776 vit.
274 2712 533 2776 Hildebrandus
547 2722 701 2777 econtra
715 2711 1029 2776 excommunicavit
1044 2713 1107 2774 im-

157 2817 364 2892 peratorem,
388 2812 452 2873 sub
475 2811 540 2874 hoc
565 2812 722 2887 obtentu,
746 2818 786 2873 ut
805 2810 970 2891 primates
995 2811 1105 2890 regni,

160 2909 261 2990 quasi
275 2901 385 2992 ³justa
399 2927 444 2971 ex
459 2927 577 2986 eausa,
592 2909 792 2990 imperatori
812 2909 1108 2972 excommunicato

158 3007 409 3070 contradicant.
460 3006 591 3071 Postea
608 3005 880 3081 Hildebrandus,
897 3026 920 3069 a
938 3006 1110 3070 sententia

159 3104 525 3168 excommunicationis
552 3105 763 3186 principibus
788 3102 968 3180 relaxatis,
995 3104 1109 3185 ipsum

161 3203 265 3265 etiam
302 3203 544 3283 imperatorem
574 3203 610 3264 in
640 3202 885 3284 Longobardia
920 3202 986 3265 sub
1021 3200 1111 3264 falsa

163 3318 249 3379 pace
268 3298 440 3377 absolvit;
464 3319 533 3381 quo
548 3300 655 3377 facto,
677 3318 808 3374 omnes,
823 3301 883 3381 qui
908 3300 1004 3380 prius
1028 3298 1110 3361 Hil-

163 3397 376 3460 debrandum
398 3397 657 3479 abjuraverant,
671 3399 913 3478 imperatorem
936 3398 1110 3479 abjurant,

163 3500 199 3557 et
216 3492 407 3558 Radulfum
427 3494 641 3576 Burgundiae
665 3495 789 3558 ducem
809 3513 913 3576 super
936 3513 974 3557 se
995 3513 1111 3574 regem

163 3598 371 3668 statuerunt,
384 3592 491 3656 missa
510 3592 542 3656 ei
565 3611 693 3656 corona
715 3611 736 3654 a
756 3610 860 3674 papa,
882 3591 940 3654 cui
962 3596 1038 3654 erat
1059 3591 1111 3653 in-

160 3690 341 3772 scriptum,

263 3819 370 3878 ‘Petra
383 3820 461 3879 dedit
474 3821 570 3892 Petro,
586 3819 689 3878 Petrus
703 3819 831 3878 diadema
845 3818 1014 3897 liudulpho!

162 3953 270 4020 Hunc
300 3953 505 4034 sigifredus,
535 3953 730 4034 Magantiae
762 3952 1052 4034 archiepiscopus,
1079 3952 1115 4014 in

198 4169 402 4242 ¹Loterooeoei5]
410 4174 464 4224 ior‘
474 4170 628 4225 Laniranri!
653 4174 740 4254 pleces
750 4174 801 4223 this
813 4175 912 4223 enuncil
922 4175 949 4222 in
959 4174 1002 4223 the
1012 4175 1117 4236 preced-

196 4283 496 4368 ’oomcrawonmcial
507 4307 627 4358 Harduin
654 4257 700 4342 Μ’
708 4257 807 4373 degio]
825 4311 856 4358 In
867 4311 983 4374 thaleri,
994 4307 1100 4373 ‘juxte’

968 4408 1015 4453 02
