3104 5186
414 578 552 625 ruonss
575 577 847 626 fflsrosmnuu.
1030 559 1102 625 ,123

146 753 222 798 nem
254 753 333 797 esse
366 734 535 798 sciebant.
607 734 807 799 Obstabant
835 733 942 798 Turci
972 733 1101 798 ibidem
1114 750 1238 848 ῥίζῃ

148 833 238 897 omni
264 851 337 914 qua
362 839 526 914 poterant
545 834 695 912 virtute;
720 833 760 897 fit
782 833 830 896 ibi
855 831 935 896 binc
961 840 997 898 et
1020 833 1101 897 inde
1114 849 1264 890 mecm

149 932 375 1011 gravissimus
391 932 583 1008 conflictus,
600 933 810 996 resonabant
825 951 930 995 aeneae
949 931 1102 996 cassides

150 1036 317 1111 tanquam
340 1048 514 1113 percussae
535 1031 690 1107 incudes,
717 1029 878 1094 scintillae
903 1049 949 1094 ex
970 1031 1103 1094 ictuum

152 1129 329 1192 collisione
367 1131 650 1211 prorumpebant,
684 1148 785 1192 enses
818 1128 916 1192 velut
948 1129 1104 1193 tonitrua

152 1228 366 1308 mugiebant,
385 1227 541 1291 homines
564 1228 651 1292 eliso
668 1230 808 1292 cerebro
824 1226 919 1291 humi
941 1246 1103 1308 procum·

152 1327 290 1402 hebent,
316 1326 434 1390 loricae
465 1328 722 1408 rumpebantur,
744 1333 830 1390 exta
856 1325 1103 1401 fundebantur,

154 1425 231 1506 equi
263 1425 467 1488 fatiscentes
495 1425 679 1501 sudabant,
711 1425 809 1488 nulla
839 1425 1014 1506 equitibus
1048 1442 1102 1486 re·

154 1524 249 1604 quies
267 1525 525 1605 praestabatur3
544 1525 685 1605 agmina
697 1529 860 1588 conserta
875 1523 973 1587 tenui
988 1541 1103 1585 armo-

154 1641 228 1684 rum
249 1622 448 1685 discrimine
464 1623 526 1686 vix
546 1641 568 1686 c
589 1623 713 1704 seipsis
732 1622 809 1705 jam
832 1620 1021 1697 distabant,
1043 1621 1103 1684 alii

155 1720 240 1782 alios
273 1721 432 1784 cominus
465 1721 690 1802 impetebant,
716 1726 752 1783 et
780 1737 904 1782 manus
931 1719 1103 1795 manibus,

154 1818 256 1900 pedes
289 1819 446 1901 pedibus,
479 1838 625 1902 corpora
654 1819 854 1901 corporibus
881 1816 1102 1899 repellebant.

155 1916 310 1980 Tandem
327 1937 405 1980 cum
422 1918 584 2000 utrinque
597 1918 745 1982 victoria
758 1916 943 1980 fluctuaret
959 1918 1104 1993 incerta,

157 2035 232 2079 ecce
245 2017 292 2079 ah
307 2017 394 2097 ipsis
408 2017 583 2079 montibus
596 2018 693 2080 visus
707 2022 761 2080 est
776 2015 949 2082 exercitus
963 2015 1104 2078 descen·

158 2114 234 2178 dere
254 2115 479 2190 invincibilis,
497 2115 597 2197 cujus
620 2114 806 2178 bellatores
821 2115 921 2196 equis
943 2113 1031 2176 albis
1053 2114 1105 2175 in-

158 2213 310 2276 sidentes
321 2214 452 2277 vexilla
468 2213 505 2275 in
522 2214 680 2277 manibus
696 2213 845 2278 candida
858 2212 1104 2296 praeferebant3

158 2321 395 2392 cognoverunt
414 2330 497 2392 ergo
517 2313 703 2396 principeS,
726 2332 772 2378 ex
788 2311 1002 2394 inspectione
1018 2329 1104 2374 vex-

159 2410 307 2486 illorum,
318 2418 478 2474 sanctum
489 2410 692 2492 Georgium,
706 2418 863 2474 sanctum
878 2409 1105 2486 Demetrium,

160 2515 192 2572 et
204 2517 366 2572 sanctum
382 2502 610 2572 ¹Mercurium
624 2529 688 2572 sua
701 2511 802 2590 signa
818 2515 1001 2591 sequentes
1017 2526 1106 2590 pree-

161 2608 298 2687 cedere3
324 2627 402 2689 quae
423 2607 523 2684 visio,
545 2609 636 2671 sicut
660 2607 843 2671 Saracenis
865 2608 1012 2671 incussit
1035 2615 1105 2670 ter·

162 2725 282 2783 rorem,
304 2707 357 2769 ita
381 2705 587 2769 Christianis
611 2725 706 2789 spem
725 2706 872 2769 contulit
893 2706 1105 2787 ampliorem.

164 2803 240 2868 Hoc
273 2824 343 2867 non
371 2823 490 2867 omnes
516 2805 633 2868 videre
664 2811 864 2886 potuerunt,
893 2803 954 2867 sed
982 2804 1107 2884 quibus

70 2967 74 2973 ,
164 2903 257 2966 Deus
279 2922 382 2966 suum
407 2921 570 2965 arcanum
594 2903 705 2968 voluit
728 2903 908 2980 revelare3
939 2902 1108 2966 revelavit

164 3009 277 3065 autem
295 3001 420 3064 Turcis
441 3000 484 3064 ad
505 3001 752 3077 confirsionem,
776 3001 854 3064 aliis
878 3001 923 3063 ad
944 2999 1108 3064 instantis

163 3100 328 3182 triumphi
343 3101 586 3177 ostensionem,
604 3101 743 3181 cognito
763 3101 867 3176 enim,
884 3105 925 3163 ut
946 3099 1108 3178 diximus,

164 3199 274 3280 signo,
303 3197 409 3262 Turci
436 3199 602 3262 velociter
630 3198 856 3278 aufugiebant
877 3197 1027 3275 tremuli,
1049 3217 1108 3261 su·

164 3296 369 3378 pellectilem
399 3297 501 3360 nimis
531 3297 717 3378 pretiosam
751 3298 1013 3380 relinquentes3
1042 3297 1109 3360 visi

164 3403 244 3458 sunt
261 3395 367 3466 etiam
384 3414 406 3457 a
422 3396 597 3458 nonnullis
624 3396 740 3477 angeli
761 3397 799 3459 in
815 3415 895 3460 aere
909 3395 1109 3470 volitantes,

164 3501 198 3556 et
211 3512 318 3576 super
334 3493 468 3556 Tuscos
481 3494 652 3574 fugientes
666 3496 782 3577 ignem
796 3495 997 3558 fulmineum
1008 3493 1109 3577 jacu-

164 3592 286 3656 lantes
340 3591 585 3655 Corharannus
601 3601 717 3658 autem
736 3595 781 3656 ab
796 3595 896 3657 initio
914 3592 1109 3656 certaminis

166 3692 299 3754 turbam
325 3690 515 3768 declinare,
535 3691 572 3756 in
597 3692 686 3758 colle
711 3693 860 3775 quodam
888 3692 1110 3766 constitutus,

165 3808 240 3852 cum
258 3798 401 3871 repente
415 3789 601 3872 dissipatas
616 3793 784 3872 conspicit
798 3791 964 3872 legiones,
981 3789 1110 3854 relictis

165 3890 249 3964 suis,
261 3881 378 3951 ²trans
396 3888 608 3970 Euphratem
619 3888 721 3970 fugit,
732 3895 779 3966 et,
790 3897 830 3954 ut
840 3890 906 3954 sibi
917 3889 1113 3955 consuleret

202 4083 392 4135 ¹Mercurium.
423 4087 434 4149 ]
470 4085 624 4148 ‘Georgius
683 4081 797 4135 ’Troas
836 4087 986 4150 Euphratem
1014 4084 1111 4147 sugit]

168 4155 317 4218 Mauricius,
328 4155 476 4204 Demetrius
484 4151 499 4216 ;'
521 4157 624 4205 Robert.
648 4155 723 4204 ‘The
740 4156 793 4204 real
810 4170 885 4204 cause
902 4155 931 4204 of
947 4155 998 4203 tbis
1015 4155 1112 4214 victory

167 4224 284 4276 Monacb.
300 4241 326 4288 p.
343 4228 384 4274 ol.
413 4225 507 4276 Others
524 4225 625 4276 forDe·
649 4225 869 4287 appearstohare
886 4225 949 4274 been
960 4223 1002 4272 the
1013 4222 1074 4271 feud
1086 4223 1113 4270 in

168 4295 269 4345 mebius
280 4295 341 4346 read
351 4295 491 4346 Theodora.
651 4289 792 4356 Kerboga’s
813 4289 899 4354 army?
946 4292 1058 4354 Gibhon,
1077 4292 1113 4340 xi.

651 4368 700 4425 ⁷³3
717 4367 774 4412 note
787 4363 872 4423 hythe
885 4361 981 4412 Editor.
