3104 5186
432 531 498 595 124
685 546 818 594 rosnat
843 547 891 592 uu
913 546 1122 594 wnunovrr

269 720 324 760 ur.
336 723 391 760 rore.
430 702 617 767 etlibcrius
634 702 752 783 fugere
770 709 899 784 posset,
913 720 1021 784 equos
1036 702 1201 783 fatigatos
1219 704 1384 770 deserens

269 771 416 860 blitilde..
430 820 541 865 novos
557 801 754 865 alternatim
764 801 924 866 mutavit.
959 799 1082 863 Nostri
1098 821 1181 866 vero
1196 804 1386 887 principeS,

432 919 597 983 equorum
622 907 814 963 metuentes
846 900 1029 975 defectum,
1056 919 1126 962 non
1156 901 1302 966 multum
1327 904 1383 966 in—

431 999 541 1062 secuti
565 1007 647 1062 sunt
668 999 854 1079 fugientes,
873 1005 1020 1079 excepto
1038 996 1219 1062 Tancredo
1244 1009 1280 1064 et
1302 1003 1383 1066 aliis

430 1098 563 1180 paucis,
579 1098 638 1178 qui
655 1116 765 1179 usque
782 1097 825 1160 ad
842 1097 926 1160 solis
943 1115 1103 1160 occasum
1120 1100 1306 1162 sternendo
1321 1121 1384 1164 eos

431 1204 710 1278 persequuntur;
733 1202 871 1258 tantum
893 1195 984 1258 enim
1005 1213 1171 1277 pavorem
1195 1198 1247 1259 eis
1268 1199 1383 1262 virtus

432 1295 551 1364 divina
566 1295 767 1370 immiserat,
781 1301 820 1356 ut
834 1313 897 1356 nec
914 1294 1085 1369 resistere,
1099 1314 1162 1358 nec
1177 1314 1199 1358 a
1214 1315 1252 1360 se
1267 1298 1382 1361 insec-

434 1394 581 1455 tantium
598 1400 741 1474 possent
757 1393 904 1475 injurias
921 1392 1136 1474 propulsare,
1154 1393 1270 1458 decem
1288 1395 1384 1462 enim

433 1510 478 1553 ex
496 1491 624 1554 nostris
641 1490 757 1553 decem
775 1491 884 1554 millia
899 1491 1105 1556 ridebantur
1119 1493 1183 1555 eis.

467 1661 516 1724 Do
531 1660 637 1744 spoliis
652 1659 911 1746 impretiabiliter
917 1661 1111 1746 sapientium
1129 1662 1300 1728 Turturum
1315 1675 1344 1728 ot

734 1761 861 1824 tectorio
875 1760 1072 1824 aimtraado.

267 1900 397 1940 amantor
484 1875 731 1940 consummato
751 1877 870 1957 itaque
894 1876 1045 1956 glorioso
1067 1883 1165 1941 tanto
1180 1879 1382 1956 certamine,

269 1951 384 2000 ‘¹¹⁰⁸¹'⁰¹¹''
431 1975 562 2039 reversi
579 1981 661 2038 sunt
682 1975 855 2056 principes
877 1974 987 2038 nostri
1009 1975 1052 2038 ad
1076 1982 1192 2038 castra
1213 1974 1384 2055 hostium,

433 2075 492 2138 ubi
509 2081 642 2138 tantam
656 2093 769 2137 rerum
784 2073 936 2136 omnium
953 2073 989 2134 in
1001 2091 1098 2150 auro,
1113 2082 1269 2154 argento,
1285 2095 1385 2156 gem.

430 2172 507 2249 mis,
530 2173 743 2248 holosericiS,
766 2171 920 2235 vestibus
947 2171 1108 2253 pretiosis
1139 2180 1174 2237 et
1193 2174 1287 2242 vasis
1311 2175 1383 2236 im-

430 2272 668 2352 pretiabilibus
700 2271 907 2334 invenerunt
940 2269 1163 2352 opulentiam,
1195 2279 1235 2334 ut
1266 2291 1383 2356 neque

431 2389 593 2435 uumerus
609 2376 701 2432 esset
716 2387 827 2449 neque
845 2387 1016 2432 mensura.
1069 2368 1245 2451 Equorum
1260 2371 1384 2448 etiam,

431 2475 677 2542 armentorum,
698 2485 854 2547 gregum,
879 2485 1038 2543 annonae,
1064 2467 1277 2544 victualium,
1304 2489 1382 2532 ser-

431 2584 564 2643 vorum,
580 2565 782 2628 ancillarum
801 2573 836 2628 et
850 2584 1047 2648 puerorum,
1065 2585 1142 2630 cum
1168 2568 1325 2631 tentoriis
1343 2577 1382 2636 et

430 2663 674 2746 papilionibus,
708 2662 848 2726 nimiam
880 2665 1085 2728 invenerunt
1117 2666 1379 2742 abundantiam,

431 2771 467 2826 et
496 2782 611 2826 secum
640 2763 677 2825 in
707 2763 825 2824 urbem
856 2764 972 2826 omnia
1003 2763 1212 2827 detulerunt.
1280 2764 1380 2830 Inter

431 2869 557 2924 caetera
572 2880 653 2924 vero
673 2855 889 2925 ¹admirabile
905 2861 1165 2926 tabernaculum
1179 2873 1383 2944 repererunt

430 2959 466 3021 iu
496 2959 636 3022 modum
665 2960 829 3036 civitatis,
858 2959 1010 3022 turribus
1036 2967 1071 3023 et
1102 2961 1272 3024 moenibus
1300 2982 1379 3028 cum

431 3059 713 3140 propugnaculis,
732 3078 776 3122 ex
798 3059 929 3140 optimo
951 3059 1060 3122 serico
1080 3060 1186 3122 variis
1205 3061 1380 3125 coloribus

433 3164 656 3235 contextum3
679 3176 701 3219 a
714 3157 814 3239 cujus
831 3156 955 3232 medio,
970 3158 1104 3237 quasia
1120 3158 1268 3222 triclinio
1282 3161 1380 3241 prin-.

433 3254 548 3337 cipali,
572 3255 607 3317 in
632 3263 750 3336 partes
774 3255 929 3319 diversas
956 3255 1154 3320 defluebant
1178 3257 1383 3336 diversoria,

433 3355 533 3436 quasi
566 3373 627 3436 per
662 3355 759 3418 vicos
789 3353 964 3429 distincta,
1001 3356 1037 3418 in
1071 3356 1195 3436 quibus
1227 3358 1382 3439 spatiose

433 3460 575 3535 possent
597 3454 666 3516 duo
694 3452 869 3516 hominum
894 3452 1002 3516 millia
1025 3454 1213 3518 considere.
1274 3454 1382 3519 Turci

433 3559 562 3628 autem,
585 3553 645 3633 qui
668 3559 766 3614 erant
783 3552 820 3613 in
843 3551 1004 3633 praesidio
1023 3552 1204 3633 superiori,
1224 3554 1382 3618 videntes

434 3651 525 3731 quod
557 3652 612 3720 sui
639 3669 758 3714 omnes
783 3649 990 3728 defecerant,
1018 3651 1230 3733 principibus
1252 3655 1382 3716 nostris

433 3749 517 3812 illud
549 3748 611 3813 tali
641 3749 837 3812 conditione
867 3749 1057 3829 resignant,
1081 3757 1121 3812 ut
1146 3750 1252 3814 libere
1277 3751 1383 3815 liceat

432 3848 497 3916 sibi
512 3847 670 3910 recedere
687 3867 763 3910 cum
786 3847 909 3910 salute.
960 3845 1054 3912 Acta
1076 3856 1191 3912 autem
1207 3857 1289 3913 sunt
1305 3849 1382 3914 haec

434 3965 525 4009 anno
570 3946 712 4010 Domini
754 3946 935 4009 millesimo
981 3949 1206 4028 nonagesimo
1242 3957 1381 4027 octavo,

431 4063 548 4108 mense
563 4045 586 4108 J
590 4045 682 4121 unio,
698 4045 864 4125 vigesima
880 4044 935 4108 die
952 4045 1088 4109 mensis.

466 4198 635 4250 ¹Admirubiie
653 4202 832 4251 tubernaculum
852 4218 891 4251 re·
914 4202 1021 4252 hcmond
1034 4204 1132 4252 carried
1139 4205 1160 4252 it
1170 4219 1245 4266 away
1253 4206 1315 4254 with
1326 4206 1380 4255 him

424 4271 561 4333 pererrat]
583 4271 645 4319 This
666 4275 719 4319 tent
737 4272 813 4320 could
830 4272 890 4320 bold
914 4274 966 4320 into
977 4273 1054 4333 Italy.
1091 4273 1226 4337 Michaud,
1242 4276 1260 4325 i.
1275 4291 1302 4337 p.
1321 4279 1381 4340 ³54,

428 4339 516 4398 nearly
531 4344 582 4386 two
597 4339 721 4388 thousand
739 4355 804 4390 men.
819 4349 821 4354 “
841 4341 889 4388 Bo·
913 4338 989 4392 ariel.
