3190 5202
488 481 533 572 tid
744 499 879 546 nouum
903 499 951 546 or
973 497 1183 548 wnunovnn

329 675 453 717 mtre-
492 663 603 744 pavit,
635 669 670 726 et
701 662 746 727 ed
779 671 930 728 castrum
962 661 1117 728 Rosense
1149 662 1248 726 illum
1274 661 1442 726 ducentes

492 761 580 843 regii
610 761 738 828 milites
771 764 815 826 eb
842 763 985 827 inclusis
1014 764 1209 845 ingressum
1239 762 1441 844 requirunt;

493 861 623 925 addunt
637 862 754 938 etiem,
778 862 844 926 boc
863 862 1039 927 dominum
1062 881 1162 927 suum
1181 861 1282 937 velle,
1299 860 1365 924 boo
1386 879 1441 922 re-

492 979 568 1041 gem
594 963 773 1025 absentem
790 962 914 1045 jubere
933 981 942 1040 ;
968 969 1045 1026 eret
1062 969 1179 1026 eutem
1199 968 1282 1025 tunc
1304 959 1341 1023 in
1364 978 1442 1023 ous-
1467 960 1486 1027 ’,

491 1066 546 1123 tro
566 1059 627 1124 illo
652 1065 728 1123 tota
750 1060 821 1123 fere
842 1059 1038 1144 juventutis
1053 1060 1193 1142 Angliae
1210 1067 1245 1124 et
1265 1059 1442 1123 Normon·

431 1143 434 1150 ¹
491 1157 558 1222 niae
585 1158 761 1235 nobilitas,
788 1166 859 1222 tres
887 1159 1019 1223 scilicet
1045 1159 1106 1223 filii
1134 1160 1270 1223 comitis
1296 1158 1442 1239 Rogeri,

492 1264 527 1320 et
547 1256 757 1320 Eustachius
778 1276 893 1321 comes
914 1259 1081 1326 Bononiae
1104 1258 1237 1342 junior,
1260 1277 1339 1322 oum
1363 1256 1441 1320 eliis

491 1355 610 1418 multis
626 1374 713 1436 quos
723 1356 924 1420 nominatim
937 1358 1176 1440 praetermitto.
1201 1356 1333 1421 Inclusi
1345 1375 1441 1431 vero,

493 1461 594 1516 extra
605 1453 648 1516 de
666 1474 763 1518 muro
774 1457 1035 1538 prospicientes,
1045 1457 1180 1520 vultum
1193 1456 1346 1539 episcopi
1362 1475 1440 1518 cum

492 1551 640 1615 militum
659 1555 774 1618 verbis
806 1574 875 1618 non
901 1556 1084 1619 convenire
1111 1554 1321 1638 conjectant,
1349 1554 1441 1617 unde

493 1652 589 1715 ocius
614 1654 744 1734 apertis
767 1654 880 1718 vulvis
912 1662 1079 1718 exeuntes
1111 1673 1231 1718 omnes
1258 1673 1336 1717 cum
1367 1654 1440 1736 epi·

493 1769 599 1833 scopo
625 1752 752 1815 milites
777 1753 892 1834 regios
915 1755 951 1817 in
980 1754 1160 1817 castellum
1180 1755 1316 1818 vinctos
1339 1751 1443 1815 redu·

495 1857 599 1928 cunt;
623 1851 683 1913 sed
701 1871 818 1915 rumor
834 1852 918 1925 facti
941 1854 985 1916 ad
1007 1872 1123 1934 regem
1146 1854 1215 1916 cito
1237 1851 1443 1935 prolabitur,

494 1949 554 2031 qui
578 1949 665 2012 iram
690 1950 784 2014 intra
804 1953 1049 2015 conscientiam
1070 1952 1251 2016 revolvens
1275 1950 1443 2032 stipendi·

492 2048 584 2111 arios
613 2067 695 2113 suos
724 2049 860 2132 Anglos
889 2059 1090 2132 congregat,
1114 2050 1215 2134 jubet
1240 2057 1280 2114 ut
1301 2068 1442 2132 eompa-

491 2148 606 2212 triotce
624 2148 668 2211 ad
687 2139 899 2213 obsidionem
916 2151 1067 2226 veniunt,
1084 2149 1151 2212 nisi
1164 2150 1274 2213 velint
1294 2150 1360 2212 sub
1379 2168 1443 2212 no-

490 2242 765 2329 mine¹Nitbing‚
777 2250 870 2330 quod
880 2249 1195 2330 Latine‘nequam’
1206 2255 1443 2324 sonet,remu-

492 2365 585 2408 nere.
625 2344 734 2426 Angli
749 2346 899 2428 quidem,
913 2349 973 2429 qui
990 2348 1075 2411 nihil
1091 2349 1249 2411 miserius
1266 2347 1444 2411 aestimant

493 2461 597 2524 quam
612 2443 809 2526 hujusmodi
825 2444 991 2510 dedecore
1005 2447 1167 2512 vocabuli
1184 2447 1310 2522 notari,
1328 2453 1443 2510 oeter-

492 2543 601 2606 vatim
628 2542 671 2605 ad
698 2563 814 2624 regem
837 2546 1016 2610 confluunt
1048 2547 1282 2611 invincibilem
1313 2547 1445 2610 exerci-

493 2647 567 2703 tum
590 2651 814 2723 congerentes
833 2664 843 2723 ς
867 2665 931 2708 nec
955 2645 1080 2709 inclusi
1098 2646 1268 2709 diutinum
1292 2646 1443 2708 obsidio·

493 2757 571 2802 nem
582 2741 670 2804 serre
685 2743 915 2824 praevalentes
924 2744 1105 2808 castellum
1117 2743 1191 2825 regi
1206 2745 1440 2808 reddiderunt.

460 2923 462 2926 Ι
494 2839 572 2902 Odo
596 2841 703 2920 igitur
729 2843 911 2925 episcopus
943 2845 1095 2907 secundo
1128 2850 1251 2925 captus
1274 2842 1442 2925 Angliem

492 2945 661 3020 perpetuo
673 2941 862 3024 abjuravit;
879 2943 1076 3025 episcopum
1089 2942 1357 3007 Dunelmensem
1366 2963 1442 3020 rex,

491 3033 689 3118 praetentae²
715 3043 875 3106 amicitiae
900 3042 1108 3106 verecundie
1134 3042 1271 3117 ductus,
1296 3041 1443 3104 liberum

493 3136 589 3198 abire
610 3140 778 3219 permisit,
798 3141 858 3222 qui
884 3159 966 3203 mox
988 3141 1033 3203 ud
1056 3141 1306 3204 Normanniam
1330 3148 1444 3204 truns-

493 3234 656 3313 sretavit3
680 3239 815 3300 coeteris
831 3240 988 3302 omnibus
1002 3240 1038 3302 in
1052 3239 1118 3304 fide
1132 3241 1292 3321 receptio.
1336 3240 1443 3304 Deni-

493 3351 572 3415 que,
596 3334 686 3398 inter
714 3335 777 3400 has
802 3337 990 3402 obsidionis
1019 3359 1146 3416 moras,
1170 3338 1320 3403 ministri
1348 3339 1441 3420 regis

492 3451 588 3495 mere
612 3436 845 3501 custodientes
865 3438 1047 3519 quosdam,
1069 3457 1156 3520 quos
1174 3439 1246 3501 dux
1265 3437 1441 3501 Robertus

492 3531 528 3595 in
540 3534 709 3598 auxilium
718 3537 962 3617 praedictorum
976 3538 1119 3601 miserat
1132 3538 1443 3614 schismaticorum,

492 3632 618 3712 partim
640 3634 734 3697 coede
758 3642 794 3699 et
819 3637 946 3718 partim
969 3636 1152 3718 naufragio
1174 3644 1442 3719 oppresserunt3

421 3802 427 3812 Ι
491 3749 638 3811 quorum
656 3734 796 3813 quidam
812 3734 931 3815 fugam
947 3735 1154 3799 meditantes
1171 3743 1277 3800 vento
1296 3736 1443 3801 destitu-

490 3836 609 3906 untur,
624 3836 660 3894 et
682 3833 732 3895 sic
754 3832 902 3896 ludibrio
917 3832 1043 3915 Anglis
1061 3834 1195 3916 sibique
1211 3835 1319 3898 exitio
1334 3835 1443 3899 exsti-

524 4091 533 4123 ¹
557 4095 691 4160 Nitbiug,]
706 4099 752 4148 or‘
769 4099 914 4162 Nideriug,’
931 4101 957 4150 is'
979 4101 1100 4151 Melmsb.
1112 4117 1138 4164 p.
1150 4106 1208 4164 489,
1219 4105 1274 4151 eote
1283 4099 1304 4154 ⁸.
1328 4105 1376 4153 See
1388 4105 1443 4154 ulso

489 4163 617 4226 supposed
637 4167 670 4227 by
689 4168 793 4218 Somner
815 4173 841 4217 to
863 4171 953 4219 denote
978 4171 1152 4234 Spelmun,ad
1162 4187 1212 4221 voc.

489 4233 553 4280 such
564 4233 594 4282 es
605 4235 693 4284 would
702 4237 757 4286 rifle
767 4253 784 4286 a
794 4237 861 4306 deod
872 4240 952 4302 body3
1013 4237 1181 4306 'Pretentoe.]
1198 4238 1378 4306 ‘P'raeteritae,'
1391 4243 1422 4292 C.
