<?xml version="1.0" encoding="UTF-8"?>
<!DOCTYPE html PUBLIC "-//W3C//DTD XHTML 1.0 Transitional//EN"
    "http://www.w3.org/TR/xhtml1/DTD/xhtml1-transitional.dtd">
<html xmlns="http://www.w3.org/1999/xhtml" xml:lang="en" lang="en">
 <head>
  <title>
</title>
<meta http-equiv="Content-Type" content="text/html;charset=utf-8" />
  <meta name='ocr-system' content='tesseract 3.04.00' />
  <meta name='ocr-capabilities' content='ocr_page ocr_carea ocr_par ocr_line ocrx_word'/>
</head>
<body>
  <div class='ocr_page' id='page_1' title='image "./rogeridewendove07rogegoog_0027.png"; bbox 0 0 3190 5202; ppageno 0'>
   <div class='ocr_carea' id='block_1_1' title="bbox 462 521 1161 588">
    <p class='ocr_par' dir='ltr' id='par_1_1' title="bbox 462 521 1161 588">
     <span class='ocr_line' id='line_1_1' title="bbox 462 521 1161 588; baseline 0.003 -3"><span class='ocrx_word' id='word_1_1' title='bbox 462 521 507 586; x_wconf 89' lang='grc'><strong>16</strong></span> <span class='ocrx_word' id='word_1_2' title='bbox 724 539 858 588; x_wconf 79' lang='lat' dir='ltr'><strong>sonum</strong></span> <span class='ocrx_word' id='word_1_3' title='bbox 883 540 930 586; x_wconf 79' lang='lat' dir='ltr'><strong>or</strong></span> <span class='ocrx_word' id='word_1_4' title='bbox 952 539 1161 587; x_wconf 73' lang='lat' dir='ltr'><strong>wunnovsn</strong></span> 
     </span>
    </p>
   </div>
   <div class='ocr_carea' id='block_1_2' title="bbox 296 689 1415 1173">
    <p class='ocr_par' dir='ltr' id='par_1_2' title="bbox 296 689 1415 1173">
     <span class='ocr_line' id='line_1_2' title="bbox 296 689 1415 776; baseline 0.011 -28"><span class='ocrx_word' id='word_1_5' title='bbox 296 709 353 750; x_wconf 69' lang='lat' dir='ltr'><strong>nn,</strong></span> <span class='ocrx_word' id='word_1_6' title='bbox 363 711 421 752; x_wconf 79' lang='lat' dir='ltr'><strong>rm.</strong></span> <span class='ocrx_word' id='word_1_7' title='bbox 460 694 564 758; x_wconf 90' lang='lat' dir='ltr'><strong>lelmo</strong></span> <span class='ocrx_word' id='word_1_8' title='bbox 579 696 743 776; x_wconf 76' lang='lat' dir='ltr'><strong>congredi</strong></span> <span class='ocrx_word' id='word_1_9' title='bbox 760 715 829 759; x_wconf 94' lang='lat' dir='ltr'><strong>non</strong></span> <span class='ocrx_word' id='word_1_10' title='bbox 847 696 1026 759; x_wconf 72' lang='lat' dir='ltr'><strong>audentoe.</strong></span> <span class='ocrx_word' id='word_1_11' title='bbox 1068 695 1199 759; x_wconf 85' lang='lat' dir='ltr'><strong>Eodem</strong></span> <span class='ocrx_word' id='word_1_12' title='bbox 1213 689 1415 760; x_wconf 84' lang='lat' dir='ltr'><strong>auno¹Edi-</strong></span> 
     </span>
     <span class='ocr_line' id='line_1_3' title="bbox 460 793 1413 877; baseline 0 -21"><span class='ocrx_word' id='word_1_13' title='bbox 460 793 522 856; x_wconf 84' lang='lat' dir='ltr'><strong>tha</strong></span> <span class='ocrx_word' id='word_1_14' title='bbox 537 795 671 876; x_wconf 79' lang='lat' dir='ltr'><strong>regina,</strong></span> <span class='ocrx_word' id='word_1_15' title='bbox 680 794 946 877; x_wconf 86' lang='lat' dir='ltr'><strong>decimoquinto</strong></span> <span class='ocrx_word' id='word_1_16' title='bbox 960 793 1129 858; x_wconf 76' lang='lat' dir='ltr'><strong>kalendas</strong></span> <span class='ocrx_word' id='word_1_17' title='bbox 1139 793 1163 857; x_wconf 83' lang='lat' dir='ltr'><strong>l</strong></span> <span class='ocrx_word' id='word_1_18' title='bbox 1165 796 1313 871; x_wconf 85' lang='lat' dir='ltr'><strong>aunarii,</strong></span> <span class='ocrx_word' id='word_1_19' title='bbox 1321 794 1413 876; x_wconf 86' lang='lat' dir='ltr'><strong>apud</strong></span> 
     </span>
     <span class='ocr_line' id='line_1_4' title="bbox 459 891 1410 976; baseline 0 -20"><span class='ocrx_word' id='word_1_20' title='bbox 459 891 674 957; x_wconf 77' lang='lat' dir='ltr'><strong>wintoniam</strong></span> <span class='ocrx_word' id='word_1_21' title='bbox 706 895 871 974; x_wconf 80' lang='lat' dir='ltr'><strong>migravit</strong></span> <span class='ocrx_word' id='word_1_22' title='bbox 898 893 943 957; x_wconf 83' lang='lat' dir='ltr'><strong>ad</strong></span> <span class='ocrx_word' id='word_1_23' title='bbox 971 894 1173 970; x_wconf 87' lang='lat' dir='ltr'><strong>Dominum,</strong></span> <span class='ocrx_word' id='word_1_24' title='bbox 1197 902 1245 970; x_wconf 87' lang='lat' dir='ltr'><strong>et,</strong></span> <span class='ocrx_word' id='word_1_25' title='bbox 1264 894 1410 976; x_wconf 86' lang='lat' dir='ltr'><strong>jubente</strong></span> 
     </span>
     <span class='ocr_line' id='line_1_5' title="bbox 458 991 1414 1075; baseline 0 -20"><span class='ocrx_word' id='word_1_26' title='bbox 458 1011 554 1073; x_wconf 80' lang='lat' dir='ltr'><strong>rege,</strong></span> <span class='ocrx_word' id='word_1_27' title='bbox 580 993 673 1074; x_wconf 87' lang='lat' dir='ltr'><strong>apud</strong></span> <span class='ocrx_word' id='word_1_28' title='bbox 693 991 1043 1057; x_wconf 73' lang='lat' dir='ltr'><strong>westmonasterium</strong></span> <span class='ocrx_word' id='word_1_29' title='bbox 1066 992 1205 1074; x_wconf 87' lang='lat' dir='ltr'><strong>sepulta</strong></span> <span class='ocrx_word' id='word_1_30' title='bbox 1228 999 1282 1055; x_wconf 80' lang='lat' dir='ltr'><strong>est</strong></span> <span class='ocrx_word' id='word_1_31' title='bbox 1307 993 1414 1075; x_wconf 82' lang='lat' dir='ltr'><strong>juxta</strong></span> 
     </span>
     <span class='ocr_line' id='line_1_6' title="bbox 458 1091 1062 1173; baseline 0.002 -19"><span class='ocrx_word' id='word_1_32' title='bbox 458 1091 571 1154; x_wconf 84' lang='lat' dir='ltr'><strong>virum</strong></span> <span class='ocrx_word' id='word_1_33' title='bbox 587 1111 689 1155; x_wconf 90' lang='lat' dir='ltr'><strong>suum</strong></span> <span class='ocrx_word' id='word_1_34' title='bbox 706 1112 823 1173; x_wconf 82' lang='lat' dir='ltr'><strong>regem</strong></span> <span class='ocrx_word' id='word_1_35' title='bbox 840 1091 1062 1156; x_wconf 86' lang='lat' dir='ltr'><strong>Edwurdum.</strong></span> 
     </span>
    </p>
   </div>
   <div class='ocr_carea' id='block_1_3' title="bbox 590 1259 1275 1345">
    <p class='ocr_par' dir='ltr' id='par_1_3' title="bbox 590 1259 1275 1345">
     <span class='ocr_line' id='line_1_7' title="bbox 590 1259 1275 1345; baseline -0.004 -20"><span class='ocrx_word' id='word_1_36' title='bbox 590 1259 680 1337; x_wconf 75' lang='lat' dir='ltr'><strong>Quod</strong></span> <span class='ocrx_word' id='word_1_37' title='bbox 693 1281 786 1324; x_wconf 79' lang='lat' dir='ltr'><strong>oenus</strong></span> <span class='ocrx_word' id='word_1_38' title='bbox 805 1259 989 1344; x_wconf 76' lang='lat' dir='ltr'><strong>Wellleosut</strong></span> <span class='ocrx_word' id='word_1_39' title='bbox 1003 1260 1104 1345; x_wconf 78' lang='lat' dir='ltr'><strong>eapite</strong></span> <span class='ocrx_word' id='word_1_40' title='bbox 1111 1259 1275 1344; x_wconf 74' lang='lat' dir='ltr'><strong>privatur.</strong></span> 
     </span>
    </p>
   </div>
   <div class='ocr_carea' id='block_1_4' title="bbox 455 1381 1476 3828">
    <p class='ocr_par' dir='ltr' id='par_1_4' title="bbox 455 1381 1476 3828">
     <span class='ocr_line' id='line_1_8' title="bbox 512 1381 1413 1464; baseline 0.002 -18"><span class='ocrx_word' id='word_1_41' title='bbox 512 1381 615 1446; x_wconf 82' lang='lat' dir='ltr'><strong>Anno</strong></span> <span class='ocrx_word' id='word_1_42' title='bbox 629 1382 771 1446; x_wconf 87' lang='lat' dir='ltr'><strong>Domini</strong></span> <span class='ocrx_word' id='word_1_43' title='bbox 788 1399 934 1448; x_wconf 75' lang='lat' dir='ltr'><strong>mxv,</strong></span> <span class='ocrx_word' id='word_1_44' title='bbox 952 1403 1014 1446; x_wconf 83' lang='lat' dir='ltr'><strong>rex</strong></span> <span class='ocrx_word' id='word_1_45' title='bbox 1028 1383 1226 1448; x_wconf 89' lang='lat' dir='ltr'><strong>Willelmus</strong></span> <span class='ocrx_word' id='word_1_46' title='bbox 1248 1385 1413 1464; x_wconf 78' lang='lat' dir='ltr'><strong>praeoepit</strong></span> 
     </span>
     <span class='ocr_line' id='line_1_9' title="bbox 458 1479 1410 1564; baseline 0.002 -20"><span class='ocrx_word' id='word_1_47' title='bbox 458 1479 695 1544; x_wconf 85' lang='lat' dir='ltr'><strong>Weltheofum</strong></span> <span class='ocrx_word' id='word_1_48' title='bbox 716 1482 876 1544; x_wconf 86' lang='lat' dir='ltr'><strong>comitem</strong></span> <span class='ocrx_word' id='word_1_49' title='bbox 899 1483 937 1544; x_wconf 93' lang='lat' dir='ltr'><strong>in</strong></span> <span class='ocrx_word' id='word_1_50' title='bbox 951 1483 1134 1546; x_wconf 78' lang='lat' dir='ltr'><strong>wintonia</strong></span> <span class='ocrx_word' id='word_1_51' title='bbox 1156 1501 1263 1562; x_wconf 85' lang='lat' dir='ltr'><strong>poena</strong></span> <span class='ocrx_word' id='word_1_52' title='bbox 1285 1484 1410 1564; x_wconf 85' lang='lat' dir='ltr'><strong>eapitis</strong></span> 
     </span>
     <span class='ocr_line' id='line_1_10' title="bbox 458 1579 1409 1662; baseline 0.003 -21"><span class='ocrx_word' id='word_1_53' title='bbox 458 1579 602 1660; x_wconf 82' lang='lat' dir='ltr'><strong>privari,</strong></span> <span class='ocrx_word' id='word_1_54' title='bbox 618 1587 655 1643; x_wconf 94' lang='lat' dir='ltr'><strong>et</strong></span> <span class='ocrx_word' id='word_1_55' title='bbox 668 1588 770 1643; x_wconf 84' lang='lat' dir='ltr'><strong>extra</strong></span> <span class='ocrx_word' id='word_1_56' title='bbox 786 1581 964 1644; x_wconf 82' lang='lat' dir='ltr'><strong>civitatem</strong></span> <span class='ocrx_word' id='word_1_57' title='bbox 986 1582 1023 1644; x_wconf 93' lang='lat' dir='ltr'><strong>in</strong></span> <span class='ocrx_word' id='word_1_58' title='bbox 1040 1580 1134 1644; x_wconf 83' lang='lat' dir='ltr'><strong>bivio</strong></span> <span class='ocrx_word' id='word_1_59' title='bbox 1148 1580 1309 1662; x_wconf 80' lang='lat' dir='ltr'><strong>sepeliri3</strong></span> <span class='ocrx_word' id='word_1_60' title='bbox 1336 1581 1409 1658; x_wconf 89' lang='lat' dir='ltr'><strong>sed,</strong></span> 
     </span>
     <span class='ocr_line' id='line_1_11' title="bbox 459 1679 1411 1762; baseline 0 -20"><span class='ocrx_word' id='word_1_61' title='bbox 459 1697 624 1760; x_wconf 85' lang='lat' dir='ltr'><strong>processu</strong></span> <span class='ocrx_word' id='word_1_62' title='bbox 635 1680 813 1760; x_wconf 87' lang='lat' dir='ltr'><strong>temporis,</strong></span> <span class='ocrx_word' id='word_1_63' title='bbox 827 1698 954 1760; x_wconf 83' lang='lat' dir='ltr'><strong>corpus</strong></span> <span class='ocrx_word' id='word_1_64' title='bbox 964 1679 1042 1762; x_wconf 90' lang='lat' dir='ltr'><strong>ejus</strong></span> <span class='ocrx_word' id='word_1_65' title='bbox 1053 1679 1216 1743; x_wconf 80' lang='lat' dir='ltr'><strong>effossum</strong></span> <span class='ocrx_word' id='word_1_66' title='bbox 1229 1679 1273 1742; x_wconf 89' lang='lat' dir='ltr'><strong>ad</strong></span> <span class='ocrx_word' id='word_1_67' title='bbox 1286 1680 1411 1761; x_wconf 87' lang='lat' dir='ltr'><strong>sepeli-</strong></span> 
     </span>
     <span class='ocr_line' id='line_1_12' title="bbox 459 1777 1409 1859; baseline 0.001 -20"><span class='ocrx_word' id='word_1_68' title='bbox 459 1777 949 1858; x_wconf 81' lang='lat' dir='ltr'><strong>endumcummagnobonore</strong></span> <span class='ocrx_word' id='word_1_69' title='bbox 956 1777 1409 1859; x_wconf 86' lang='lat' dir='ltr'><strong>Croilundiamdeportatur.</strong></span> 
     </span>
     <span class='ocr_line' id='line_1_13' title="bbox 459 1873 1411 1940; baseline 0.001 -2"><span class='ocrx_word' id='word_1_70' title='bbox 459 1873 515 1938; x_wconf 81' lang='lat' dir='ltr'><strong>Ae</strong></span> <span class='ocrx_word' id='word_1_71' title='bbox 524 1874 648 1939; x_wconf 89' lang='lat' dir='ltr'><strong>deiude</strong></span> <span class='ocrx_word' id='word_1_72' title='bbox 660 1896 724 1939; x_wconf 83' lang='lat' dir='ltr'><strong>rex</strong></span> <span class='ocrx_word' id='word_1_73' title='bbox 737 1875 782 1939; x_wconf 86' lang='lat' dir='ltr'><strong>ad</strong></span> <span class='ocrx_word' id='word_1_74' title='bbox 793 1875 1057 1940; x_wconf 84' lang='lat' dir='ltr'><strong>Armorieanam</strong></span> <span class='ocrx_word' id='word_1_75' title='bbox 1067 1877 1286 1940; x_wconf 85' lang='lat' dir='ltr'><strong>Britanniam</strong></span> <span class='ocrx_word' id='word_1_76' title='bbox 1298 1884 1411 1939; x_wconf 85' lang='lat' dir='ltr'><strong>traus-</strong></span> 
     </span>
     <span class='ocr_line' id='line_1_14' title="bbox 458 1973 1409 2050; baseline 0.001 -13"><span class='ocrx_word' id='word_1_77' title='bbox 458 1973 533 2037; x_wconf 81' lang='lat' dir='ltr'><strong>iens</strong></span> <span class='ocrx_word' id='word_1_78' title='bbox 555 1973 709 2038; x_wconf 88' lang='lat' dir='ltr'><strong>Dolense</strong></span> <span class='ocrx_word' id='word_1_79' title='bbox 735 1983 887 2038; x_wconf 82' lang='lat' dir='ltr'><strong>castrum</strong></span> <span class='ocrx_word' id='word_1_80' title='bbox 913 1975 1061 2050; x_wconf 78' lang='lat' dir='ltr'><strong>obsedit,</strong></span> <span class='ocrx_word' id='word_1_81' title='bbox 1085 1975 1147 2038; x_wconf 91' lang='lat' dir='ltr'><strong>sed</strong></span> <span class='ocrx_word' id='word_1_82' title='bbox 1170 1994 1235 2038; x_wconf 84' lang='lat' dir='ltr'><strong>rex</strong></span> <span class='ocrx_word' id='word_1_83' title='bbox 1257 1975 1409 2038; x_wconf 87' lang='lat' dir='ltr'><strong>Franoo-</strong></span> 
     </span>
     <span class='ocr_line' id='line_1_15' title="bbox 457 2072 1409 2155; baseline -0.001 -19"><span class='ocrx_word' id='word_1_84' title='bbox 457 2091 534 2136; x_wconf 88' lang='lat' dir='ltr'><strong>rmu</strong></span> <span class='ocrx_word' id='word_1_85' title='bbox 559 2072 732 2138; x_wconf 80' lang='lat' dir='ltr'><strong>hostiliter</strong></span> <span class='ocrx_word' id='word_1_86' title='bbox 747 2074 995 2155; x_wconf 82' lang='lat' dir='ltr'><strong>superveniens</strong></span> <span class='ocrx_word' id='word_1_87' title='bbox 1022 2092 1124 2138; x_wconf 88' lang='lat' dir='ltr'><strong>omne</strong></span> <span class='ocrx_word' id='word_1_88' title='bbox 1145 2074 1197 2136; x_wconf 88' lang='lat' dir='ltr'><strong>eis</strong></span> <span class='ocrx_word' id='word_1_89' title='bbox 1218 2073 1409 2136; x_wconf 87' lang='lat' dir='ltr'><strong>subsidium</strong></span> 
     </span>
     <span class='ocr_line' id='line_1_16' title="bbox 457 2171 1408 2254; baseline -0.001 -20"><span class='ocrx_word' id='word_1_90' title='bbox 457 2171 565 2236; x_wconf 81' lang='lat' dir='ltr'><strong>vitale</strong></span> <span class='ocrx_word' id='word_1_91' title='bbox 586 2173 773 2254; x_wconf 82' lang='lat' dir='ltr'><strong>subtegat;</strong></span> <span class='ocrx_word' id='word_1_92' title='bbox 805 2171 897 2236; x_wconf 90' lang='lat' dir='ltr'><strong>unde</strong></span> <span class='ocrx_word' id='word_1_93' title='bbox 913 2192 989 2248; x_wconf 83' lang='lat' dir='ltr'><strong>rex,</strong></span> <span class='ocrx_word' id='word_1_94' title='bbox 1005 2171 1183 2235; x_wconf 86' lang='lat' dir='ltr'><strong>obsidione</strong></span> <span class='ocrx_word' id='word_1_95' title='bbox 1200 2171 1353 2248; x_wconf 87' lang='lat' dir='ltr'><strong>dimissa,</strong></span> <span class='ocrx_word' id='word_1_96' title='bbox 1371 2173 1408 2234; x_wconf 90' lang='lat' dir='ltr'><strong>in</strong></span> 
     </span>
     <span class='ocr_line' id='line_1_17' title="bbox 457 2271 1476 2363; baseline -0.002 -29"><span class='ocrx_word' id='word_1_97' title='bbox 457 2289 595 2334; x_wconf 85' lang='lat' dir='ltr'><strong>recessu</strong></span> <span class='ocrx_word' id='word_1_98' title='bbox 617 2289 682 2334; x_wconf 90' lang='lat' dir='ltr'><strong>suo</strong></span> <span class='ocrx_word' id='word_1_99' title='bbox 707 2271 835 2334; x_wconf 81' lang='lat' dir='ltr'><strong>milites</strong></span> <span class='ocrx_word' id='word_1_100' title='bbox 856 2271 985 2334; x_wconf 89' lang='lat' dir='ltr'><strong>multos</strong></span> <span class='ocrx_word' id='word_1_101' title='bbox 1006 2278 1042 2333; x_wconf 90' lang='lat' dir='ltr'><strong>et</strong></span> <span class='ocrx_word' id='word_1_102' title='bbox 1058 2289 1166 2352; x_wconf 89' lang='lat' dir='ltr'><strong>equos</strong></span> <span class='ocrx_word' id='word_1_103' title='bbox 1186 2289 1265 2332; x_wconf 91' lang='lat' dir='ltr'><strong>cum</strong></span> <span class='ocrx_word' id='word_1_104' title='bbox 1286 2272 1409 2351; x_wconf 89' lang='lat' dir='ltr'><strong>opibus</strong></span> <span class='ocrx_word' id='word_1_105' title='bbox 1456 2347 1476 2363; x_wconf 80' lang='lat'><strong>..</strong></span> 
     </span>
     <span class='ocr_line' id='line_1_18' title="bbox 456 2367 1435 2450; baseline 0.001 -19"><span class='ocrx_word' id='word_1_106' title='bbox 456 2367 583 2432; x_wconf 84' lang='lat' dir='ltr'><strong>ibidem</strong></span> <span class='ocrx_word' id='word_1_107' title='bbox 610 2370 739 2432; x_wconf 86' lang='lat' dir='ltr'><strong>amisit.</strong></span> <span class='ocrx_word' id='word_1_108' title='bbox 792 2368 869 2432; x_wconf 85' lang='lat' dir='ltr'><strong>Neo</strong></span> <span class='ocrx_word' id='word_1_109' title='bbox 892 2369 1003 2432; x_wconf 85' lang='lat' dir='ltr'><strong>multo</strong></span> <span class='ocrx_word' id='word_1_110' title='bbox 1030 2375 1111 2450; x_wconf 85' lang='lat' dir='ltr'><strong>post</strong></span> <span class='ocrx_word' id='word_1_111' title='bbox 1134 2387 1234 2450; x_wconf 87' lang='lat' dir='ltr'><strong>reges</strong></span> <span class='ocrx_word' id='word_1_112' title='bbox 1261 2369 1435 2448; x_wconf 61' lang='lat' dir='ltr'><strong>praefati*</strong></span> 
     </span>
     <span class='ocr_line' id='line_1_19' title="bbox 457 2465 1406 2548; baseline 0.002 -20"><span class='ocrx_word' id='word_1_113' title='bbox 457 2465 539 2530; x_wconf 83' lang='lat' dir='ltr'><strong>lieet</strong></span> <span class='ocrx_word' id='word_1_114' title='bbox 559 2467 656 2530; x_wconf 83' lang='lat' dir='ltr'><strong>brevi</strong></span> <span class='ocrx_word' id='word_1_115' title='bbox 679 2473 846 2548; x_wconf 86' lang='lat' dir='ltr'><strong>tempore,</strong></span> <span class='ocrx_word' id='word_1_116' title='bbox 862 2468 900 2530; x_wconf 93' lang='lat' dir='ltr'><strong>in</strong></span> <span class='ocrx_word' id='word_1_117' title='bbox 919 2467 1139 2531; x_wconf 84' lang='lat' dir='ltr'><strong>concordiam</strong></span> <span class='ocrx_word' id='word_1_118' title='bbox 1160 2475 1406 2532; x_wconf 86' lang='lat' dir='ltr'><strong>oonvenerunt.</strong></span> 
     </span>
     <span class='ocr_line' id='line_1_20' title="bbox 458 2563 1407 2643; baseline 0.001 -15"><span class='ocrx_word' id='word_1_119' title='bbox 458 2563 591 2628; x_wconf 83' lang='lat' dir='ltr'><strong>Eodem</strong></span> <span class='ocrx_word' id='word_1_120' title='bbox 607 2583 699 2628; x_wconf 87' lang='lat' dir='ltr'><strong>auno</strong></span> <span class='ocrx_word' id='word_1_121' title='bbox 715 2565 806 2629; x_wconf 92' lang='lat' dir='ltr'><strong>idem</strong></span> <span class='ocrx_word' id='word_1_122' title='bbox 816 2565 1026 2641; x_wconf 57' lang='lat' dir='ltr'><strong>willelmus</strong></span> <span class='ocrx_word' id='word_1_123' title='bbox 1040 2565 1097 2628; x_wconf 88' lang='lat' dir='ltr'><strong>die</strong></span> <span class='ocrx_word' id='word_1_124' title='bbox 1112 2573 1234 2629; x_wconf 84' lang='lat' dir='ltr'><strong>sancto</strong></span> <span class='ocrx_word' id='word_1_125' title='bbox 1249 2564 1407 2643; x_wconf 73' lang='lat' dir='ltr'><strong>Paschae,</strong></span> 
     </span>
     <span class='ocr_line' id='line_1_21' title="bbox 456 2661 1409 2728; baseline 0.002 -2"><span class='ocrx_word' id='word_1_126' title='bbox 456 2661 495 2726; x_wconf 91' lang='lat' dir='ltr'><strong>in</strong></span> <span class='ocrx_word' id='word_1_127' title='bbox 521 2663 668 2727; x_wconf 83' lang='lat' dir='ltr'><strong>ecclesia</strong></span> <span class='ocrx_word' id='word_1_128' title='bbox 690 2663 879 2728; x_wconf 84' lang='lat' dir='ltr'><strong>Fisobanui</strong></span> <span class='ocrx_word' id='word_1_129' title='bbox 903 2663 1011 2726; x_wconf 85' lang='lat' dir='ltr'><strong>filiam</strong></span> <span class='ocrx_word' id='word_1_130' title='bbox 1036 2682 1135 2728; x_wconf 86' lang='lat' dir='ltr'><strong>suam</strong></span> <span class='ocrx_word' id='word_1_131' title='bbox 1158 2663 1322 2728; x_wconf 88' lang='lat' dir='ltr'><strong>Ceciliam</strong></span> <span class='ocrx_word' id='word_1_132' title='bbox 1347 2666 1409 2728; x_wconf 93' lang='lat' dir='ltr'><strong>ob-</strong></span> 
     </span>
     <span class='ocr_line' id='line_1_22' title="bbox 457 2760 1406 2843; baseline 0.003 -18"><span class='ocrx_word' id='word_1_133' title='bbox 457 2760 540 2826; x_wconf 92' lang='lat' dir='ltr'><strong>tulit</strong></span> <span class='ocrx_word' id='word_1_134' title='bbox 555 2761 634 2826; x_wconf 91' lang='lat' dir='ltr'><strong>Deo</strong></span> <span class='ocrx_word' id='word_1_135' title='bbox 648 2763 928 2826; x_wconf 82' lang='lat' dir='ltr'><strong>eonsecrandam.</strong></span> <span class='ocrx_word' id='word_1_136' title='bbox 979 2761 1050 2826; x_wconf 88' lang='lat' dir='ltr'><strong>Per</strong></span> <span class='ocrx_word' id='word_1_137' title='bbox 1064 2762 1155 2826; x_wconf 92' lang='lat' dir='ltr'><strong>idem</strong></span> <span class='ocrx_word' id='word_1_138' title='bbox 1177 2769 1315 2843; x_wconf 81' lang='lat' dir='ltr'><strong>tempus</strong></span> <span class='ocrx_word' id='word_1_139' title='bbox 1331 2762 1406 2828; x_wconf 89' lang='lat' dir='ltr'><strong>Ro-</strong></span> 
     </span>
     <span class='ocr_line' id='line_1_23' title="bbox 458 2860 1406 2941; baseline 0.001 -18"><span class='ocrx_word' id='word_1_140' title='bbox 458 2860 588 2936; x_wconf 86' lang='lat' dir='ltr'><strong>bertus,</strong></span> <span class='ocrx_word' id='word_1_141' title='bbox 604 2860 771 2924; x_wconf 89' lang='lat' dir='ltr'><strong>Willelmi</strong></span> <span class='ocrx_word' id='word_1_142' title='bbox 792 2861 886 2941; x_wconf 84' lang='lat' dir='ltr'><strong>regis</strong></span> <span class='ocrx_word' id='word_1_143' title='bbox 905 2860 1009 2936; x_wconf 87' lang='lat' dir='ltr'><strong>filius,</strong></span> <span class='ocrx_word' id='word_1_144' title='bbox 1026 2861 1083 2923; x_wconf 91' lang='lat' dir='ltr'><strong>cui</strong></span> <span class='ocrx_word' id='word_1_145' title='bbox 1103 2861 1195 2924; x_wconf 88' lang='lat' dir='ltr'><strong>idem</strong></span> <span class='ocrx_word' id='word_1_146' title='bbox 1213 2880 1290 2936; x_wconf 84' lang='lat' dir='ltr'><strong>rex,</strong></span> <span class='ocrx_word' id='word_1_147' title='bbox 1308 2868 1406 2924; x_wconf 89' lang='lat' dir='ltr'><strong>ante·</strong></span> 
     </span>
     <span class='ocr_line' id='line_1_24' title="bbox 458 2956 1409 3041; baseline 0 -19"><span class='ocrx_word' id='word_1_148' title='bbox 458 2976 563 3039; x_wconf 86' lang='lat' dir='ltr'><strong>quam</strong></span> <span class='ocrx_word' id='word_1_149' title='bbox 579 2956 745 3039; x_wconf 84' lang='lat' dir='ltr'><strong>Angliam</strong></span> <span class='ocrx_word' id='word_1_150' title='bbox 762 2957 978 3041; x_wconf 83' lang='lat' dir='ltr'><strong>subjugaret,</strong></span> <span class='ocrx_word' id='word_1_151' title='bbox 997 2958 1248 3022; x_wconf 85' lang='lat' dir='ltr'><strong>Normannium</strong></span> <span class='ocrx_word' id='word_1_152' title='bbox 1265 2958 1409 3023; x_wconf 85' lang='lat' dir='ltr'><strong>dederat</strong></span> 
     </span>
     <span class='ocr_line' id='line_1_25' title="bbox 458 3051 1407 3140; baseline 0.003 -21"><span class='ocrx_word' id='word_1_153' title='bbox 458 3073 575 3120; x_wconf 87' lang='lat' dir='ltr'><strong>eoram</strong></span> <span class='ocrx_word' id='word_1_154' title='bbox 585 3056 749 3140; x_wconf 86' lang='lat' dir='ltr'><strong>Philippo</strong></span> <span class='ocrx_word' id='word_1_155' title='bbox 759 3058 973 3122; x_wconf 88' lang='lat' dir='ltr'><strong>Franoorum</strong></span> <span class='ocrx_word' id='word_1_156' title='bbox 984 3076 1077 3138; x_wconf 84' lang='lat' dir='ltr'><strong>rege,</strong></span> <span class='ocrx_word' id='word_1_157' title='bbox 1085 3051 1202 3134; x_wconf 63' lang='lat' dir='ltr'><strong>&#39;nuno</strong></span> <span class='ocrx_word' id='word_1_158' title='bbox 1214 3059 1297 3139; x_wconf 87' lang='lat' dir='ltr'><strong>quia</strong></span> <span class='ocrx_word' id='word_1_159' title='bbox 1306 3065 1407 3139; x_wconf 88' lang='lat' dir='ltr'><strong>pater</strong></span> 
     </span>
     <span class='ocr_line' id='line_1_26' title="bbox 458 3153 1405 3238; baseline 0.001 -20"><span class='ocrx_word' id='word_1_160' title='bbox 458 3153 531 3218; x_wconf 80' lang='lat' dir='ltr'><strong>filio</strong></span> <span class='ocrx_word' id='word_1_161' title='bbox 559 3175 636 3219; x_wconf 83' lang='lat' dir='ltr'><strong>eam</strong></span> <span class='ocrx_word' id='word_1_162' title='bbox 664 3157 839 3238; x_wconf 86' lang='lat' dir='ltr'><strong>possidere</strong></span> <span class='ocrx_word' id='word_1_163' title='bbox 871 3175 941 3219; x_wconf 92' lang='lat' dir='ltr'><strong>non</strong></span> <span class='ocrx_word' id='word_1_164' title='bbox 968 3157 1202 3237; x_wconf 84' lang='lat' dir='ltr'><strong>permittebat,</strong></span> <span class='ocrx_word' id='word_1_165' title='bbox 1230 3156 1405 3220; x_wconf 89' lang='lat' dir='ltr'><strong>Robertus</strong></span> 
     </span>
     <span class='ocr_line' id='line_1_27' title="bbox 459 3251 1406 3337; baseline 0.003 -22"><span class='ocrx_word' id='word_1_166' title='bbox 459 3251 644 3318; x_wconf 83' lang='lat' dir='ltr'><strong>Franciam</strong></span> <span class='ocrx_word' id='word_1_167' title='bbox 659 3255 756 3330; x_wconf 79' lang='lat' dir='ltr'><strong>odiit,</strong></span> <span class='ocrx_word' id='word_1_168' title='bbox 772 3262 809 3318; x_wconf 90' lang='lat' dir='ltr'><strong>et</strong></span> <span class='ocrx_word' id='word_1_169' title='bbox 822 3254 954 3318; x_wconf 83' lang='lat' dir='ltr'><strong>auxilio</strong></span> <span class='ocrx_word' id='word_1_170' title='bbox 971 3254 1125 3337; x_wconf 87' lang='lat' dir='ltr'><strong>ejusdem</strong></span> <span class='ocrx_word' id='word_1_171' title='bbox 1139 3255 1232 3335; x_wconf 80' lang='lat' dir='ltr'><strong>regis</strong></span> <span class='ocrx_word' id='word_1_172' title='bbox 1244 3273 1406 3335; x_wconf 78' lang='lat' dir='ltr'><strong>magnum</strong></span> 
     </span>
     <span class='ocr_line' id='line_1_28' title="bbox 456 3349 1406 3436; baseline 0.004 -24"><span class='ocrx_word' id='word_1_173' title='bbox 456 3349 654 3432; x_wconf 84' lang='lat' dir='ltr'><strong>frequenter</strong></span> <span class='ocrx_word' id='word_1_174' title='bbox 676 3353 712 3416; x_wconf 92' lang='lat' dir='ltr'><strong>in</strong></span> <span class='ocrx_word' id='word_1_175' title='bbox 734 3352 952 3416; x_wconf 89' lang='lat' dir='ltr'><strong>Normanuia</strong></span> <span class='ocrx_word' id='word_1_176' title='bbox 975 3353 1129 3434; x_wconf 83' lang='lat' dir='ltr'><strong>praedam</strong></span> <span class='ocrx_word' id='word_1_177' title='bbox 1150 3353 1289 3436; x_wconf 81' lang='lat' dir='ltr'><strong>agebat,</strong></span> <span class='ocrx_word' id='word_1_178' title='bbox 1303 3353 1406 3416; x_wconf 83' lang='lat' dir='ltr'><strong>villas</strong></span> 
     </span>
     <span class='ocr_line' id='line_1_29' title="bbox 456 3450 1403 3534; baseline 0.001 -21"><span class='ocrx_word' id='word_1_179' title='bbox 456 3451 692 3526; x_wconf 82' lang='lat' dir='ltr'><strong>comburebat,</strong></span> <span class='ocrx_word' id='word_1_180' title='bbox 724 3450 879 3515; x_wconf 89' lang='lat' dir='ltr'><strong>homines</strong></span> <span class='ocrx_word' id='word_1_181' title='bbox 910 3453 1112 3534; x_wconf 84' lang='lat' dir='ltr'><strong>perimebat,</strong></span> <span class='ocrx_word' id='word_1_182' title='bbox 1141 3459 1178 3515; x_wconf 85' lang='lat' dir='ltr'><strong>et</strong></span> <span class='ocrx_word' id='word_1_183' title='bbox 1213 3450 1304 3533; x_wconf 87' lang='lat' dir='ltr'><strong>patri</strong></span> <span class='ocrx_word' id='word_1_184' title='bbox 1340 3470 1403 3514; x_wconf 88' lang='lat' dir='ltr'><strong>suo</strong></span> 
     </span>
     <span class='ocr_line' id='line_1_30' title="bbox 456 3549 1404 3615; baseline 0.003 -5"><span class='ocrx_word' id='word_1_185' title='bbox 456 3565 526 3611; x_wconf 90' lang='lat' dir='ltr'><strong>nou</strong></span> <span class='ocrx_word' id='word_1_186' title='bbox 547 3550 716 3614; x_wconf 81' lang='lat' dir='ltr'><strong>modicam</strong></span> <span class='ocrx_word' id='word_1_187' title='bbox 730 3552 942 3614; x_wconf 80' lang='lat' dir='ltr'><strong>anxietatem</strong></span> <span class='ocrx_word' id='word_1_188' title='bbox 962 3558 997 3614; x_wconf 89' lang='lat' dir='ltr'><strong>et</strong></span> <span class='ocrx_word' id='word_1_189' title='bbox 1017 3549 1211 3615; x_wconf 86' lang='lat' dir='ltr'><strong>molestiam</strong></span> <span class='ocrx_word' id='word_1_190' title='bbox 1223 3549 1404 3613; x_wconf 80' lang='lat' dir='ltr'><strong>inferebat</strong></span> 
     </span>
     <span class='ocr_line' id='line_1_31' title="bbox 458 3645 1404 3726; baseline 0 -16"><span class='ocrx_word' id='word_1_191' title='bbox 458 3645 561 3710; x_wconf 90' lang='lat' dir='ltr'><strong>Unde</strong></span> <span class='ocrx_word' id='word_1_192' title='bbox 588 3667 652 3712; x_wconf 84' lang='lat' dir='ltr'><strong>rex</strong></span> <span class='ocrx_word' id='word_1_193' title='bbox 677 3647 888 3726; x_wconf 86' lang='lat' dir='ltr'><strong>Willelmus,</strong></span> <span class='ocrx_word' id='word_1_194' title='bbox 919 3656 1042 3712; x_wconf 86' lang='lat' dir='ltr'><strong>contra</strong></span> <span class='ocrx_word' id='word_1_195' title='bbox 1072 3649 1265 3713; x_wconf 88' lang='lat' dir='ltr'><strong>Robertum</strong></span> <span class='ocrx_word' id='word_1_196' title='bbox 1296 3648 1404 3711; x_wconf 91' lang='lat' dir='ltr'><strong>filium</strong></span> 
     </span>
     <span class='ocr_line' id='line_1_32' title="bbox 455 3741 1405 3828; baseline 0.001 -21"><span class='ocrx_word' id='word_1_197' title='bbox 455 3761 557 3808; x_wconf 87' lang='lat' dir='ltr'><strong>suum</strong></span> <span class='ocrx_word' id='word_1_198' title='bbox 574 3745 701 3810; x_wconf 87' lang='lat' dir='ltr'><strong>bellum</strong></span> <span class='ocrx_word' id='word_1_199' title='bbox 715 3766 835 3827; x_wconf 84' lang='lat' dir='ltr'><strong>agens,</strong></span> <span class='ocrx_word' id='word_1_200' title='bbox 846 3741 958 3828; x_wconf 81' lang='lat' dir='ltr'><strong>³apud</strong></span> <span class='ocrx_word' id='word_1_201' title='bbox 973 3745 1139 3810; x_wconf 83' lang='lat' dir='ltr'><strong>Gerberai</strong></span> <span class='ocrx_word' id='word_1_202' title='bbox 1153 3753 1304 3810; x_wconf 80' lang='lat' dir='ltr'><strong>castrum</strong></span> <span class='ocrx_word' id='word_1_203' title='bbox 1319 3745 1405 3808; x_wconf 85' lang='lat' dir='ltr'><strong>Gul-</strong></span> 
     </span>
    </p>
   </div>
   <div class='ocr_carea' id='block_1_5' title="bbox 457 3999 1404 4345">
    <p class='ocr_par' dir='ltr' id='par_1_5' title="bbox 493 3999 1404 4076">
     <span class='ocr_line' id='line_1_33' title="bbox 493 3999 1404 4076; baseline 0.005 -23"><span class='ocrx_word' id='word_1_204' title='bbox 493 3999 500 4033; x_wconf 94' lang='lat'>¹</span> <span class='ocrx_word' id='word_1_205' title='bbox 515 4001 632 4076; x_wconf 59' lang='lat' dir='ltr'><strong>saum]</strong></span> <span class='ocrx_word' id='word_1_206' title='bbox 649 4004 837 4072; x_wconf 75' lang='lat' dir='ltr'><strong>‘Eudgithieo,&#39;</strong></span> <span class='ocrx_word' id='word_1_207' title='bbox 857 4009 918 4058; x_wconf 84' lang='lat' dir='ltr'><strong>Snx.</strong></span> <span class='ocrx_word' id='word_1_208' title='bbox 944 4005 1038 4058; x_wconf 81' lang='lat' dir='ltr'><strong>Ghrou.</strong></span> <span class='ocrx_word' id='word_1_209' title='bbox 1050 4007 1100 4056; x_wconf 86' lang='lat' dir='ltr'><strong>und</strong></span> <span class='ocrx_word' id='word_1_210' title='bbox 1113 4009 1242 4068; x_wconf 84' lang='lat' dir='ltr'><strong>Florenoe,</strong></span> <span class='ocrx_word' id='word_1_211' title='bbox 1253 4010 1279 4056; x_wconf 88' lang='lat' dir='ltr'><strong>in</strong></span> <span class='ocrx_word' id='word_1_212' title='bbox 1289 4009 1332 4057; x_wconf 86' lang='lat' dir='ltr'><strong>the</strong></span> <span class='ocrx_word' id='word_1_213' title='bbox 1343 4023 1404 4070; x_wconf 86' lang='lat' dir='ltr'><strong>year</strong></span> 
     </span>
    </p>

    <p class='ocr_par' dir='ltr' id='par_1_6' title="bbox 457 4071 1403 4157">
     <span class='ocr_line' id='line_1_34' title="bbox 457 4071 1403 4157; baseline 0.004 -35"><span class='ocrx_word' id='word_1_214' title='bbox 457 4071 551 4124; x_wconf 71' lang='lat' dir='ltr'><strong>cirron.</strong></span> <span class='ocrx_word' id='word_1_215' title='bbox 754 4081 779 4094; x_wconf 83' lang='grc'><strong>”</strong></span> <span class='ocrx_word' id='word_1_216' title='bbox 945 4080 1019 4136; x_wconf 77' lang='grc'><strong>1079,</strong></span> <span class='ocrx_word' id='word_1_217' title='bbox 1040 4078 1118 4126; x_wconf 83' lang='lat' dir='ltr'><strong>relate</strong></span> <span class='ocrx_word' id='word_1_218' title='bbox 1140 4076 1195 4157; x_wconf 77' lang='lat' dir='ltr'><strong>that</strong></span> <span class='ocrx_word' id='word_1_219' title='bbox 1214 4078 1325 4126; x_wconf 86' lang='lat' dir='ltr'><strong>Willium</strong></span> <span class='ocrx_word' id='word_1_220' title='bbox 1348 4093 1403 4126; x_wconf 87' lang='lat' dir='ltr'><strong>was</strong></span> 
     </span>
    </p>

    <p class='ocr_par' dir='ltr' id='par_1_7' title="bbox 491 4145 1404 4345">
     <span class='ocr_line' id='line_1_35' title="bbox 491 4170 1404 4298; baseline 0.002 -36"><span class='ocrx_word' id='word_1_221' title='bbox 491 4170 754 4298; x_wconf 80' lang='lat' dir='ltr'><strong>3Q</strong></span> <span class='ocrx_word' id='word_1_222' title='bbox 767 4179 796 4227; x_wconf 73' lang='lat' dir='ltr'><strong>c·</strong></span> <span class='ocrx_word' id='word_1_223' title='bbox 941 4215 1404 4278; x_wconf 48' lang='lat' dir='ltr'><strong>md</strong></span> 
     </span>
     <span class='ocr_line' id='line_1_36' title="bbox 512 4269 1366 4345; baseline 0.001 -12"><span class='ocrx_word' id='word_1_224' title='bbox 512 4269 586 4333; x_wconf 70' lang='lat' dir='ltr'><strong>Aput</strong></span> <span class='ocrx_word' id='word_1_225' title='bbox 605 4273 744 4335; x_wconf 52' lang='lat' dir='ltr'><strong>GMw-l</strong></span> <span class='ocrx_word' id='word_1_226' title='bbox 763 4275 818 4323; x_wconf 68' lang='lat' dir='ltr'><strong>The</strong></span> <span class='ocrx_word' id='word_1_227' title='bbox 834 4277 918 4325; x_wconf 67' lang='lat' dir='ltr'>88¹0ss</span> <span class='ocrx_word' id='word_1_228' title='bbox 943 4297 1006 4344; x_wconf 72' lang='lat' dir='ltr'><strong>gave</strong></span> <span class='ocrx_word' id='word_1_229' title='bbox 1018 4299 1053 4345; x_wconf 86' lang='lat' dir='ltr'><strong>up</strong></span> <span class='ocrx_word' id='word_1_230' title='bbox 1065 4283 1173 4333; x_wconf 86' lang='lat' dir='ltr'><strong>hlsown</strong></span> <span class='ocrx_word' id='word_1_231' title='bbox 1184 4283 1258 4332; x_wconf 87' lang='lat' dir='ltr'><strong>horse</strong></span> <span class='ocrx_word' id='word_1_232' title='bbox 1270 4285 1366 4334; x_wconf 88' lang='lat' dir='ltr'><strong>tobim.</strong></span> 
     </span>
    </p>
   </div>
   <div class='ocr_carea' id='block_1_6' title="bbox 0 0 1600 5202">
    <p class='ocr_par' dir='ltr' id='par_1_8' title="bbox 0 0 1600 5202">
     <span class='ocr_line' id='line_1_37' title="bbox 0 0 1600 5202; baseline 0 1"><span class='ocrx_word' id='word_1_233' title='bbox 0 0 1600 5202; x_wconf 95' lang='lat' dir='ltr'><strong> </strong></span> 
     </span>
    </p>
   </div>
  </div>
 </body>
</html>
