<?xml version="1.0" encoding="UTF-8"?>
<!DOCTYPE html PUBLIC "-//W3C//DTD XHTML 1.0 Transitional//EN"
    "http://www.w3.org/TR/xhtml1/DTD/xhtml1-transitional.dtd">
<html xmlns="http://www.w3.org/1999/xhtml" xml:lang="en" lang="en">
 <head>
  <title>
</title>
<meta http-equiv="Content-Type" content="text/html;charset=utf-8" />
  <meta name='ocr-system' content='tesseract 3.04.00' />
  <meta name='ocr-capabilities' content='ocr_page ocr_carea ocr_par ocr_line ocrx_word'/>
</head>
<body>
  <div class='ocr_page' id='page_1' title='image "./rogeridewendove07rogegoog_0050.png"; bbox 0 0 3190 5202; ppageno 0'>
   <div class='ocr_carea' id='block_1_1' title="bbox 437 549 1129 614">
    <p class='ocr_par' dir='ltr' id='par_1_1' title="bbox 437 549 1129 614">
     <span class='ocr_line' id='line_1_1' title="bbox 437 549 1129 614; baseline 0.004 -3"><span class='ocrx_word' id='word_1_1' title='bbox 437 563 576 612; x_wconf 68' lang='lat' dir='ltr'><strong>inuans</strong></span> <span class='ocrx_word' id='word_1_2' title='bbox 600 563 869 613; x_wconf 71' lang='lat' dir='ltr'><strong>Hls&#39;roulnltum.</strong></span> <span class='ocrx_word' id='word_1_3' title='bbox 1084 549 1129 614; x_wconf 80' lang='grc'><strong>39</strong></span> 
     </span>
    </p>
   </div>
   <div class='ocr_carea' id='block_1_2' title="bbox 169 718 1263 1100">
    <p class='ocr_par' dir='ltr' id='par_1_2' title="bbox 169 718 1263 1000">
     <span class='ocr_line' id='line_1_2' title="bbox 176 718 1263 805; baseline 0.006 -25"><span class='ocrx_word' id='word_1_4' title='bbox 176 723 302 802; x_wconf 86' lang='lat' dir='ltr'><strong>caetero</strong></span> <span class='ocrx_word' id='word_1_5' title='bbox 319 736 357 782; x_wconf 87' lang='lat' dir='ltr'><strong>se</strong></span> <span class='ocrx_word' id='word_1_6' title='bbox 372 718 506 802; x_wconf 79' lang='lat' dir='ltr'><strong>fidelem</strong></span> <span class='ocrx_word' id='word_1_7' title='bbox 522 727 558 802; x_wconf 88' lang='lat' dir='ltr'><strong>et</strong></span> <span class='ocrx_word' id='word_1_8' title='bbox 572 720 733 798; x_wconf 92' lang='lat' dir='ltr'><strong>amioum,</strong></span> <span class='ocrx_word' id='word_1_9' title='bbox 750 720 909 802; x_wconf 86' lang='lat' dir='ltr'><strong>praestito</strong></span> <span class='ocrx_word' id='word_1_10' title='bbox 928 721 1127 805; x_wconf 89' lang='lat' dir='ltr'><strong>juramento</strong></span> <span class='ocrx_word' id='word_1_11' title='bbox 1139 737 1196 778; x_wconf 65' lang='lat' dir='ltr'><strong>Ab·</strong></span> <span class='ocrx_word' id='word_1_12' title='bbox 1207 738 1263 778; x_wconf 76' lang='lat'>¹⁰⁹⁰·</span> 
     </span>
     <span class='ocr_line' id='line_1_3' title="bbox 176 811 1127 904; baseline 0.007 -26"><span class='ocrx_word' id='word_1_13' title='bbox 176 815 420 900; x_wconf 82' lang='lat' dir='ltr'><strong>obsidibusque</strong></span> <span class='ocrx_word' id='word_1_14' title='bbox 437 819 540 896; x_wconf 88' lang='lat' dir='ltr'><strong>datis,</strong></span> <span class='ocrx_word' id='word_1_15' title='bbox 560 819 713 882; x_wconf 85' lang='lat' dir='ltr'><strong>futurum</strong></span> <span class='ocrx_word' id='word_1_16' title='bbox 730 811 957 901; x_wconf 83' lang='lat' dir='ltr'>promisisset,</span> <span class='ocrx_word' id='word_1_17' title='bbox 973 828 1127 904; x_wconf 90' lang='lat' dir='ltr'><strong>tempore</strong></span> 
     </span>
     <span class='ocr_line' id='line_1_4' title="bbox 169 917 1127 1000; baseline 0.009 -23"><span class='ocrx_word' id='word_1_18' title='bbox 169 917 371 996; x_wconf 59' lang='lat' dir='ltr'><strong>‘opportuno</strong></span> <span class='ocrx_word' id='word_1_19' title='bbox 398 926 617 984; x_wconf 82' lang='lat' dir='ltr'><strong>revertuntur</strong></span> <span class='ocrx_word' id='word_1_20' title='bbox 643 917 837 996; x_wconf 74' lang='lat' dir='ltr'><strong>adsumus,</strong></span> <span class='ocrx_word' id='word_1_21' title='bbox 867 938 946 1000; x_wconf 84' lang='lat' dir='ltr'><strong>quaa</strong></span> <span class='ocrx_word' id='word_1_22' title='bbox 974 919 1127 986; x_wconf 79' lang='lat' dir='ltr'><strong>fecerant</strong></span> 
     </span>
    </p>

    <p class='ocr_par' dir='ltr' id='par_1_3' title="bbox 174 1013 987 1100">
     <span class='ocr_line' id='line_1_5' title="bbox 174 1013 987 1100; baseline 0.01 -24"><span class='ocrx_word' id='word_1_23' title='bbox 174 1013 232 1077; x_wconf 83' lang='lat' dir='ltr'><strong>vel</strong></span> <span class='ocrx_word' id='word_1_24' title='bbox 246 1035 325 1097; x_wconf 84' lang='lat' dir='ltr'><strong>quae</strong></span> <span class='ocrx_word' id='word_1_25' title='bbox 341 1016 515 1096; x_wconf 82' lang='lat' dir='ltr'><strong>dixerant,</strong></span> <span class='ocrx_word' id='word_1_26' title='bbox 529 1018 616 1082; x_wconf 92' lang='lat' dir='ltr'><strong>nulli</strong></span> <span class='ocrx_word' id='word_1_27' title='bbox 632 1019 771 1100; x_wconf 91' lang='lat' dir='ltr'><strong>penitus</strong></span> <span class='ocrx_word' id='word_1_28' title='bbox 788 1018 987 1084; x_wconf 77' lang='lat' dir='ltr'><strong>reserentes·</strong></span> 
     </span>
    </p>
   </div>
   <div class='ocr_carea' id='block_1_3' title="bbox 209 1187 1091 1274">
    <p class='ocr_par' dir='ltr' id='par_1_4' title="bbox 209 1187 1091 1274">
     <span class='ocr_line' id='line_1_6' title="bbox 209 1187 1091 1274; baseline 0.006 -22"><span class='ocrx_word' id='word_1_29' title='bbox 209 1187 259 1252; x_wconf 81' lang='lat' dir='ltr'><strong>Do</strong></span> <span class='ocrx_word' id='word_1_30' title='bbox 272 1189 427 1254; x_wconf 70' lang='lat' dir='ltr'><strong>maaria</strong></span> <span class='ocrx_word' id='word_1_31' title='bbox 441 1190 530 1274; x_wconf 78' lang='lat' dir='ltr'><strong>opud</strong></span> <span class='ocrx_word' id='word_1_32' title='bbox 547 1189 767 1274; x_wconf 69' lang='lat' dir='ltr'><strong>Tynamatbum</strong></span> <span class='ocrx_word' id='word_1_33' title='bbox 775 1189 882 1274; x_wconf 81' lang='lat' dir='ltr'><strong>primo</strong></span> <span class='ocrx_word' id='word_1_34' title='bbox 896 1191 1091 1258; x_wconf 70' lang='lat' dir='ltr'><strong>introductis</strong></span> 
     </span>
    </p>
   </div>
   <div class='ocr_carea' id='block_1_4' title="bbox 159 1310 1284 4073">
    <p class='ocr_par' dir='ltr' id='par_1_5' title="bbox 159 1310 1284 4073">
     <span class='ocr_line' id='line_1_7' title="bbox 225 1310 1278 1394; baseline 0.004 -19"><span class='ocrx_word' id='word_1_35' title='bbox 225 1310 329 1376; x_wconf 86' lang='lat' dir='ltr'><strong>Giroa</strong></span> <span class='ocrx_word' id='word_1_36' title='bbox 365 1312 429 1376; x_wconf 86' lang='lat' dir='ltr'><strong>hos</strong></span> <span class='ocrx_word' id='word_1_37' title='bbox 461 1313 608 1394; x_wconf 92' lang='lat' dir='ltr'><strong>denique</strong></span> <span class='ocrx_word' id='word_1_38' title='bbox 634 1313 708 1377; x_wconf 87' lang='lat' dir='ltr'><strong>dies</strong></span> <span class='ocrx_word' id='word_1_39' title='bbox 742 1314 918 1378; x_wconf 85' lang='lat' dir='ltr'><strong>Robertus</strong></span> <span class='ocrx_word' id='word_1_40' title='bbox 952 1314 997 1380; x_wconf 90' lang='lat' dir='ltr'><strong>de</strong></span> <span class='ocrx_word' id='word_1_41' title='bbox 1028 1315 1121 1380; x_wconf 90' lang='lat' dir='ltr'><strong>Mol·</strong></span> <span class='ocrx_word' id='word_1_42' title='bbox 1136 1329 1266 1372; x_wconf 63' lang='lat' dir='ltr'><strong>umerum</strong></span> <span class='ocrx_word' id='word_1_43' title='bbox 1268 1335 1278 1372; x_wconf 78' lang='lat' dir='ltr'><strong>t</strong></span> 
     </span>
     <span class='ocr_line' id='line_1_8' title="bbox 174 1379 1284 1527; baseline 0.005 -53"><span class='ocrx_word' id='word_1_44' title='bbox 174 1411 283 1487; x_wconf 86' lang='lat' dir='ltr'><strong>braio,</strong></span> <span class='ocrx_word' id='word_1_45' title='bbox 302 1410 611 1476; x_wconf 89' lang='lat' dir='ltr'><strong>Northumbrensis</strong></span> <span class='ocrx_word' id='word_1_46' title='bbox 636 1431 762 1490; x_wconf 86' lang='lat' dir='ltr'><strong>comes,</strong></span> <span class='ocrx_word' id='word_1_47' title='bbox 774 1413 909 1490; x_wconf 86' lang='lat' dir='ltr'><strong>volens,</strong></span> <span class='ocrx_word' id='word_1_48' title='bbox 931 1413 1079 1478; x_wconf 90' lang='lat' dir='ltr'><strong>divina</strong></span> <span class='ocrx_word' id='word_1_49' title='bbox 1069 1435 1156 1478; x_wconf 75' lang='grc' dir='ltr'><strong>ιιι-ω</strong></span> <span class='ocrx_word' id='word_1_50' title='bbox 1133 1379 1260 1527; x_wconf 49' lang='grc' dir='ltr'><strong>ΞᾟΞτοξ</strong></span> <span class='ocrx_word' id='word_1_51' title='bbox 1228 1442 1284 1521; x_wconf 54' lang='lat' dir='ltr'><strong>rog</strong></span> 
     </span>
     <span class='ocr_line' id='line_1_9' title="bbox 172 1480 1249 1591; baseline 0.007 -19"><span class='ocrx_word' id='word_1_52' title='bbox 172 1510 361 1591; x_wconf 83' lang='lat' dir='ltr'>spiratione</span> <span class='ocrx_word' id='word_1_53' title='bbox 397 1518 523 1588; x_wconf 87' lang='lat' dir='ltr'><strong>tactus,</strong></span> <span class='ocrx_word' id='word_1_54' title='bbox 558 1505 753 1576; x_wconf 89' lang='lat' dir='ltr'><strong>¹eoolesiam</strong></span> <span class='ocrx_word' id='word_1_55' title='bbox 785 1512 880 1576; x_wconf 85' lang='lat' dir='ltr'><strong>beati</strong></span> <span class='ocrx_word' id='word_1_56' title='bbox 909 1512 1042 1578; x_wconf 85' lang='lat' dir='ltr'><strong>Oswini</strong></span> <span class='ocrx_word' id='word_1_57' title='bbox 1078 1480 1147 1579; x_wconf 71' lang='lat' dir='ltr'><strong>deb</strong></span> <span class='ocrx_word' id='word_1_58' title='bbox 1134 1529 1190 1569; x_wconf 70' lang='lat' dir='ltr'><strong>Mor</strong></span> <span class='ocrx_word' id='word_1_59' title='bbox 1158 1531 1249 1580; x_wconf 63' lang='lat' dir='ltr'><strong>mbr</strong></span> 
     </span>
     <span class='ocr_line' id='line_1_10' title="bbox 172 1607 1121 1693; baseline 0.008 -22"><span class='ocrx_word' id='word_1_60' title='bbox 172 1607 395 1691; x_wconf 86' lang='lat' dir='ltr'><strong>Tynemutba</strong></span> <span class='ocrx_word' id='word_1_61' title='bbox 406 1611 612 1693; x_wconf 86' lang='lat' dir='ltr'><strong>jamdudum</strong></span> <span class='ocrx_word' id='word_1_62' title='bbox 627 1612 818 1675; x_wconf 84' lang='lat' dir='ltr'><strong>desolatam</strong></span> <span class='ocrx_word' id='word_1_63' title='bbox 837 1620 1044 1690; x_wconf 88' lang='lat' dir='ltr'><strong>restaurare,</strong></span> <span class='ocrx_word' id='word_1_64' title='bbox 1067 1621 1121 1678; x_wconf 88' lang='lat' dir='ltr'><strong>at-</strong></span> 
     </span>
     <span class='ocr_line' id='line_1_11' title="bbox 173 1708 1120 1794; baseline 0.008 -24"><span class='ocrx_word' id='word_1_65' title='bbox 173 1727 241 1790; x_wconf 91' lang='lat' dir='ltr'><strong>que</strong></span> <span class='ocrx_word' id='word_1_66' title='bbox 257 1708 305 1771; x_wconf 94' lang='lat' dir='ltr'><strong>ibi</strong></span> <span class='ocrx_word' id='word_1_67' title='bbox 323 1709 399 1774; x_wconf 91' lang='lat' dir='ltr'><strong>Deo</strong></span> <span class='ocrx_word' id='word_1_68' title='bbox 425 1717 461 1774; x_wconf 92' lang='lat' dir='ltr'><strong>et</strong></span> <span class='ocrx_word' id='word_1_69' title='bbox 475 1717 597 1774; x_wconf 87' lang='lat' dir='ltr'><strong>sancto</strong></span> <span class='ocrx_word' id='word_1_70' title='bbox 613 1712 758 1794; x_wconf 85' lang='lat' dir='ltr'><strong>martyri</strong></span> <span class='ocrx_word' id='word_1_71' title='bbox 774 1710 916 1776; x_wconf 88' lang='lat' dir='ltr'><strong>Oswino</strong></span> <span class='ocrx_word' id='word_1_72' title='bbox 933 1712 1120 1778; x_wconf 87' lang='lat' dir='ltr'><strong>monachos</strong></span> 
     </span>
     <span class='ocr_line' id='line_1_12' title="bbox 164 1808 1119 1890; baseline 0.008 -21"><span class='ocrx_word' id='word_1_73' title='bbox 164 1808 363 1872; x_wconf 86' lang='lat' dir='ltr'><strong>¹servituros</strong></span> <span class='ocrx_word' id='word_1_74' title='bbox 393 1829 533 1890; x_wconf 90' lang='lat' dir='ltr'><strong>ponere,</strong></span> <span class='ocrx_word' id='word_1_75' title='bbox 570 1810 713 1874; x_wconf 90' lang='lat' dir='ltr'><strong>consilio</strong></span> <span class='ocrx_word' id='word_1_76' title='bbox 743 1811 932 1876; x_wconf 90' lang='lat' dir='ltr'><strong>amicorum</strong></span> <span class='ocrx_word' id='word_1_77' title='bbox 965 1831 1119 1889; x_wconf 87' lang='lat' dir='ltr'><strong>suorum,</strong></span> 
     </span>
     <span class='ocr_line' id='line_1_13' title="bbox 173 1904 1119 1976; baseline 0.008 -8"><span class='ocrx_word' id='word_1_78' title='bbox 173 1904 322 1971; x_wconf 87' lang='lat' dir='ltr'><strong>Paulum</strong></span> <span class='ocrx_word' id='word_1_79' title='bbox 347 1908 502 1973; x_wconf 72' lang='lat' dir='ltr'><strong>ecclesiae</strong></span> <span class='ocrx_word' id='word_1_80' title='bbox 526 1910 639 1974; x_wconf 85' lang='lat' dir='ltr'><strong>sancti</strong></span> <span class='ocrx_word' id='word_1_81' title='bbox 655 1908 785 1973; x_wconf 87' lang='lat' dir='ltr'><strong>Albani</strong></span> <span class='ocrx_word' id='word_1_82' title='bbox 808 1911 969 1973; x_wconf 78' lang='lat' dir='ltr'><strong>abbatem</strong></span> <span class='ocrx_word' id='word_1_83' title='bbox 993 1928 1119 1976; x_wconf 82' lang='lat' dir='ltr'><strong>conve·</strong></span> 
     </span>
     <span class='ocr_line' id='line_1_14' title="bbox 172 2005 1119 2094; baseline 0.006 -27"><span class='ocrx_word' id='word_1_84' title='bbox 172 2005 236 2082; x_wconf 91' lang='lat' dir='ltr'><strong>nit,</strong></span> <span class='ocrx_word' id='word_1_85' title='bbox 256 2013 384 2088; x_wconf 86' lang='lat' dir='ltr'><strong>petens</strong></span> <span class='ocrx_word' id='word_1_86' title='bbox 410 2008 573 2072; x_wconf 87' lang='lat' dir='ltr'><strong>obnixius</strong></span> <span class='ocrx_word' id='word_1_87' title='bbox 599 2015 634 2072; x_wconf 92' lang='lat' dir='ltr'><strong>et</strong></span> <span class='ocrx_word' id='word_1_88' title='bbox 656 2008 849 2094; x_wconf 67' lang='lat' dir='ltr'><strong>devotant</strong></span> <span class='ocrx_word' id='word_1_89' title='bbox 873 2008 914 2071; x_wconf 89' lang='lat' dir='ltr'><strong>de</strong></span> <span class='ocrx_word' id='word_1_90' title='bbox 941 2009 1119 2073; x_wconf 86' lang='lat' dir='ltr'><strong>monachis</strong></span> 
     </span>
     <span class='ocr_line' id='line_1_15' title="bbox 172 2105 1118 2189; baseline 0.005 -23"><span class='ocrx_word' id='word_1_91' title='bbox 172 2105 245 2168; x_wconf 88' lang='lat' dir='ltr'><strong>suis</strong></span> <span class='ocrx_word' id='word_1_92' title='bbox 277 2105 411 2188; x_wconf 86' lang='lat' dir='ltr'><strong>aliquos</strong></span> <span class='ocrx_word' id='word_1_93' title='bbox 436 2107 519 2171; x_wconf 89' lang='lat' dir='ltr'><strong>illuc</strong></span> <span class='ocrx_word' id='word_1_94' title='bbox 542 2108 776 2171; x_wconf 80' lang='lat' dir='ltr'><strong>transmittere</strong></span> <span class='ocrx_word' id='word_1_95' title='bbox 801 2107 1015 2188; x_wconf 80' lang='lat' dir='ltr'><strong>dignaretur,</strong></span> <span class='ocrx_word' id='word_1_96' title='bbox 1038 2128 1118 2189; x_wconf 91' lang='lat' dir='ltr'><strong>pro-</strong></span> 
     </span>
     <span class='ocr_line' id='line_1_16' title="bbox 160 2203 1117 2272; baseline 0.007 -7"><span class='ocrx_word' id='word_1_97' title='bbox 160 2203 312 2267; x_wconf 90' lang='lat' dir='ltr'><strong>-mittens</strong></span> <span class='ocrx_word' id='word_1_98' title='bbox 329 2207 444 2270; x_wconf 91' lang='lat' dir='ltr'><strong>omnia</strong></span> <span class='ocrx_word' id='word_1_99' title='bbox 461 2208 569 2270; x_wconf 89' lang='lat' dir='ltr'><strong>victui</strong></span> <span class='ocrx_word' id='word_1_100' title='bbox 586 2214 621 2270; x_wconf 85' lang='lat' dir='ltr'><strong>et</strong></span> <span class='ocrx_word' id='word_1_101' title='bbox 638 2205 780 2271; x_wconf 82' lang='lat' dir='ltr'><strong>restitui</strong></span> <span class='ocrx_word' id='word_1_102' title='bbox 796 2208 992 2270; x_wconf 86' lang='lat' dir='ltr'><strong>necessaria</strong></span> <span class='ocrx_word' id='word_1_103' title='bbox 1007 2225 1045 2270; x_wconf 90' lang='lat' dir='ltr'><strong>se</strong></span> <span class='ocrx_word' id='word_1_104' title='bbox 1066 2208 1117 2272; x_wconf 88' lang='lat' dir='ltr'><strong>eis</strong></span> 
     </span>
     <span class='ocr_line' id='line_1_17' title="bbox 170 2303 1116 2389; baseline 0.006 -24"><span class='ocrx_word' id='word_1_105' title='bbox 170 2303 387 2368; x_wconf 82' lang='lat' dir='ltr'><strong>abundanter</strong></span> <span class='ocrx_word' id='word_1_106' title='bbox 422 2305 594 2370; x_wconf 90' lang='lat' dir='ltr'><strong>daturum.</strong></span> <span class='ocrx_word' id='word_1_107' title='bbox 665 2305 775 2389; x_wconf 88' lang='lat' dir='ltr'><strong>Cujus</strong></span> <span class='ocrx_word' id='word_1_108' title='bbox 814 2305 976 2386; x_wconf 88' lang='lat' dir='ltr'><strong>petitioni</strong></span> <span class='ocrx_word' id='word_1_109' title='bbox 1008 2307 1116 2371; x_wconf 82' lang='lat' dir='ltr'><strong>abbas</strong></span> 
     </span>
     <span class='ocr_line' id='line_1_18' title="bbox 169 2401 1116 2487; baseline 0.007 -23"><span class='ocrx_word' id='word_1_110' title='bbox 169 2401 355 2482; x_wconf 84' lang='lat' dir='ltr'><strong>praedictus</strong></span> <span class='ocrx_word' id='word_1_111' title='bbox 381 2405 620 2487; x_wconf 78' lang='lat' dir='ltr'><strong>adquiescenS,</strong></span> <span class='ocrx_word' id='word_1_112' title='bbox 643 2403 811 2486; x_wconf 87' lang='lat' dir='ltr'><strong>quosdam</strong></span> <span class='ocrx_word' id='word_1_113' title='bbox 837 2404 920 2468; x_wconf 89' lang='lat' dir='ltr'><strong>illuc</strong></span> <span class='ocrx_word' id='word_1_114' title='bbox 951 2425 973 2469; x_wconf 89' lang='lat' dir='ltr'><strong>a</strong></span> <span class='ocrx_word' id='word_1_115' title='bbox 1004 2407 1116 2471; x_wconf 86' lang='lat' dir='ltr'><strong>sancti</strong></span> 
     </span>
     <span class='ocr_line' id='line_1_19' title="bbox 169 2498 1115 2587; baseline 0.007 -25"><span class='ocrx_word' id='word_1_116' title='bbox 169 2498 303 2564; x_wconf 88' lang='lat' dir='ltr'><strong>Albani</strong></span> <span class='ocrx_word' id='word_1_117' title='bbox 322 2503 497 2568; x_wconf 89' lang='lat' dir='ltr'><strong>monachis</strong></span> <span class='ocrx_word' id='word_1_118' title='bbox 521 2504 719 2580; x_wconf 86' lang='lat' dir='ltr'><strong>destinavit,</strong></span> <span class='ocrx_word' id='word_1_119' title='bbox 739 2505 864 2585; x_wconf 92' lang='lat' dir='ltr'><strong>quibus</strong></span> <span class='ocrx_word' id='word_1_120' title='bbox 889 2524 1003 2568; x_wconf 91' lang='lat' dir='ltr'><strong>comes</strong></span> <span class='ocrx_word' id='word_1_121' title='bbox 1026 2525 1115 2587; x_wconf 85' lang='lat' dir='ltr'><strong>prae·</strong></span> 
     </span>
     <span class='ocr_line' id='line_1_20' title="bbox 166 2599 1115 2686; baseline 0.007 -25"><span class='ocrx_word' id='word_1_122' title='bbox 166 2599 274 2677; x_wconf 82' lang='lat' dir='ltr'><strong>fatus,</strong></span> <span class='ocrx_word' id='word_1_123' title='bbox 283 2621 360 2664; x_wconf 92' lang='lat' dir='ltr'><strong>oum</strong></span> <span class='ocrx_word' id='word_1_124' title='bbox 373 2603 409 2664; x_wconf 94' lang='lat' dir='ltr'><strong>in</strong></span> <span class='ocrx_word' id='word_1_125' title='bbox 423 2604 597 2681; x_wconf 74' lang='lat' dir='ltr'><strong>mononis,</strong></span> <span class='ocrx_word' id='word_1_126' title='bbox 608 2604 773 2680; x_wconf 74' lang='lat' dir='ltr'><strong>ecclesiia,</strong></span> <span class='ocrx_word' id='word_1_127' title='bbox 787 2603 976 2668; x_wconf 90' lang='lat' dir='ltr'><strong>redditibus</strong></span> <span class='ocrx_word' id='word_1_128' title='bbox 991 2611 1027 2668; x_wconf 90' lang='lat' dir='ltr'><strong>et</strong></span> <span class='ocrx_word' id='word_1_129' title='bbox 1043 2605 1115 2686; x_wconf 87' lang='lat' dir='ltr'><strong>pis-</strong></span> 
     </span>
     <span class='ocr_line' id='line_1_21' title="bbox 167 2700 1114 2777; baseline 0.007 -16"><span class='ocrx_word' id='word_1_130' title='bbox 167 2700 283 2777; x_wconf 82' lang='lat' dir='ltr'><strong>cariis,</strong></span> <span class='ocrx_word' id='word_1_131' title='bbox 310 2719 387 2764; x_wconf 89' lang='lat' dir='ltr'><strong>oum</strong></span> <span class='ocrx_word' id='word_1_132' title='bbox 404 2702 609 2766; x_wconf 91' lang='lat' dir='ltr'><strong>molendinis</strong></span> <span class='ocrx_word' id='word_1_133' title='bbox 628 2711 664 2768; x_wconf 93' lang='lat' dir='ltr'><strong>et</strong></span> <span class='ocrx_word' id='word_1_134' title='bbox 679 2704 782 2768; x_wconf 90' lang='lat' dir='ltr'><strong>rebus</strong></span> <span class='ocrx_word' id='word_1_135' title='bbox 805 2703 963 2767; x_wconf 88' lang='lat' dir='ltr'><strong>omnibus</strong></span> <span class='ocrx_word' id='word_1_136' title='bbox 988 2702 1114 2768; x_wconf 87' lang='lat' dir='ltr'><strong>suffiei-</strong></span> 
     </span>
     <span class='ocr_line' id='line_1_22' title="bbox 166 2801 1115 2883; baseline 0.007 -23"><span class='ocrx_word' id='word_1_137' title='bbox 166 2807 266 2862; x_wconf 88' lang='lat' dir='ltr'><strong>enter</strong></span> <span class='ocrx_word' id='word_1_138' title='bbox 287 2801 506 2881; x_wconf 86' lang='lat' dir='ltr'><strong>providisset,</strong></span> <span class='ocrx_word' id='word_1_139' title='bbox 526 2810 562 2867; x_wconf 89' lang='lat' dir='ltr'><strong>et</strong></span> <span class='ocrx_word' id='word_1_140' title='bbox 586 2803 691 2866; x_wconf 85' lang='lat' dir='ltr'><strong>cartis</strong></span> <span class='ocrx_word' id='word_1_141' title='bbox 714 2803 786 2866; x_wconf 89' lang='lat' dir='ltr'><strong>suis</strong></span> <span class='ocrx_word' id='word_1_142' title='bbox 807 2801 975 2883; x_wconf 85' lang='lat' dir='ltr'><strong>praedicta</strong></span> <span class='ocrx_word' id='word_1_143' title='bbox 998 2803 1115 2867; x_wconf 91' lang='lat' dir='ltr'><strong>omnia</strong></span> 
     </span>
     <span class='ocr_line' id='line_1_23' title="bbox 166 2899 1114 2982; baseline 0.006 -22"><span class='ocrx_word' id='word_1_144' title='bbox 166 2899 212 2961; x_wconf 88' lang='lat' dir='ltr'><strong>ab</strong></span> <span class='ocrx_word' id='word_1_145' title='bbox 226 2899 320 2961; x_wconf 90' lang='lat' dir='ltr'><strong>omni</strong></span> <span class='ocrx_word' id='word_1_146' title='bbox 337 2900 484 2964; x_wconf 87' lang='lat' dir='ltr'><strong>seculari</strong></span> <span class='ocrx_word' id='word_1_147' title='bbox 506 2902 649 2966; x_wconf 83' lang='lat' dir='ltr'><strong>servitio</strong></span> <span class='ocrx_word' id='word_1_148' title='bbox 669 2901 784 2965; x_wconf 87' lang='lat' dir='ltr'><strong>soluta</strong></span> <span class='ocrx_word' id='word_1_149' title='bbox 799 2909 834 2964; x_wconf 89' lang='lat' dir='ltr'><strong>et</strong></span> <span class='ocrx_word' id='word_1_150' title='bbox 849 2902 987 2982; x_wconf 91' lang='lat' dir='ltr'><strong>penitus</strong></span> <span class='ocrx_word' id='word_1_151' title='bbox 1004 2902 1114 2966; x_wconf 86' lang='lat' dir='ltr'><strong>libera</strong></span> 
     </span>
     <span class='ocr_line' id='line_1_24' title="bbox 165 2997 1114 3084; baseline 0.005 -24"><span class='ocrx_word' id='word_1_152' title='bbox 165 2997 415 3077; x_wconf 86' lang='lat' dir='ltr'><strong>confirmasset,</strong></span> <span class='ocrx_word' id='word_1_153' title='bbox 438 2999 533 3064; x_wconf 89' lang='lat' dir='ltr'><strong>dedit</strong></span> <span class='ocrx_word' id='word_1_154' title='bbox 553 3000 721 3082; x_wconf 83' lang='lat' dir='ltr'><strong>praedicto</strong></span> <span class='ocrx_word' id='word_1_155' title='bbox 747 3000 864 3063; x_wconf 86' lang='lat' dir='ltr'><strong>abbati</strong></span> <span class='ocrx_word' id='word_1_156' title='bbox 886 2999 999 3064; x_wconf 87' lang='lat' dir='ltr'><strong>Paulo</strong></span> <span class='ocrx_word' id='word_1_157' title='bbox 1022 3001 1114 3084; x_wconf 90' lang='lat' dir='ltr'><strong>ejus·</strong></span> 
     </span>
     <span class='ocr_line' id='line_1_25' title="bbox 165 3094 1111 3177; baseline 0.004 -18"><span class='ocrx_word' id='word_1_158' title='bbox 165 3094 235 3177; x_wconf 84' lang='lat' dir='ltr'><strong>que</strong></span> <span class='ocrx_word' id='word_1_159' title='bbox 260 3100 526 3176; x_wconf 85' lang='lat' dir='ltr'><strong>successoribus,</strong></span> <span class='ocrx_word' id='word_1_160' title='bbox 543 3106 579 3163; x_wconf 91' lang='lat' dir='ltr'><strong>et</strong></span> <span class='ocrx_word' id='word_1_161' title='bbox 604 3098 758 3163; x_wconf 82' lang='lat' dir='ltr'><strong>eeclesiae</strong></span> <span class='ocrx_word' id='word_1_162' title='bbox 782 3099 876 3162; x_wconf 88' lang='lat' dir='ltr'><strong>beati</strong></span> <span class='ocrx_word' id='word_1_163' title='bbox 889 3098 1019 3165; x_wconf 88' lang='lat' dir='ltr'><strong>Albani</strong></span> <span class='ocrx_word' id='word_1_164' title='bbox 1036 3099 1111 3163; x_wconf 90' lang='lat' dir='ltr'><strong>An·</strong></span> 
     </span>
     <span class='ocr_line' id='line_1_26' title="bbox 164 3196 1110 3282; baseline 0.006 -24"><span class='ocrx_word' id='word_1_165' title='bbox 164 3196 302 3276; x_wconf 86' lang='lat' dir='ltr'><strong>glorum</strong></span> <span class='ocrx_word' id='word_1_166' title='bbox 327 3200 603 3282; x_wconf 89' lang='lat' dir='ltr'><strong>protomartyris,</strong></span> <span class='ocrx_word' id='word_1_167' title='bbox 617 3197 796 3263; x_wconf 87' lang='lat' dir='ltr'><strong>ecclesiam</strong></span> <span class='ocrx_word' id='word_1_168' title='bbox 821 3197 864 3260; x_wconf 86' lang='lat' dir='ltr'><strong>de</strong></span> <span class='ocrx_word' id='word_1_169' title='bbox 878 3197 1110 3282; x_wconf 87' lang='lat' dir='ltr'><strong>Tynemutha,</strong></span> 
     </span>
     <span class='ocr_line' id='line_1_27' title="bbox 162 3297 1113 3381; baseline 0.006 -24"><span class='ocrx_word' id='word_1_170' title='bbox 162 3314 242 3358; x_wconf 89' lang='lat' dir='ltr'><strong>oum</strong></span> <span class='ocrx_word' id='word_1_171' title='bbox 256 3297 414 3359; x_wconf 90' lang='lat' dir='ltr'><strong>omnibus</strong></span> <span class='ocrx_word' id='word_1_172' title='bbox 429 3298 645 3379; x_wconf 87' lang='lat' dir='ltr'><strong>pertinentiis</strong></span> <span class='ocrx_word' id='word_1_173' title='bbox 662 3298 746 3374; x_wconf 77' lang='lat' dir='ltr'><strong>suia,</strong></span> <span class='ocrx_word' id='word_1_174' title='bbox 761 3317 823 3379; x_wconf 94' lang='lat' dir='ltr'><strong>pro</strong></span> <span class='ocrx_word' id='word_1_175' title='bbox 840 3297 952 3362; x_wconf 85' lang='lat' dir='ltr'><strong>salute</strong></span> <span class='ocrx_word' id='word_1_176' title='bbox 970 3300 1113 3381; x_wconf 86' lang='lat' dir='ltr'><strong>propria</strong></span> 
     </span>
     <span class='ocr_line' id='line_1_28' title="bbox 163 3396 1111 3461; baseline 0.004 -4"><span class='ocrx_word' id='word_1_177' title='bbox 163 3400 199 3457; x_wconf 88' lang='lat' dir='ltr'><strong>et</strong></span> <span class='ocrx_word' id='word_1_178' title='bbox 215 3396 367 3458; x_wconf 92' lang='lat' dir='ltr'><strong>omnium</strong></span> <span class='ocrx_word' id='word_1_179' title='bbox 390 3404 646 3460; x_wconf 87' lang='lat' dir='ltr'><strong>antecessorum</strong></span> <span class='ocrx_word' id='word_1_180' title='bbox 672 3415 812 3460; x_wconf 90' lang='lat' dir='ltr'><strong>suorum</strong></span> <span class='ocrx_word' id='word_1_181' title='bbox 838 3397 913 3460; x_wconf 86' lang='lat' dir='ltr'><strong>sive</strong></span> <span class='ocrx_word' id='word_1_182' title='bbox 935 3417 1111 3461; x_wconf 86' lang='lat' dir='ltr'><strong>successo·</strong></span> 
     </span>
     <span class='ocr_line' id='line_1_29' title="bbox 163 3495 1109 3578; baseline 0.004 -23"><span class='ocrx_word' id='word_1_183' title='bbox 163 3513 251 3570; x_wconf 92' lang='lat' dir='ltr'><strong>rum,</strong></span> <span class='ocrx_word' id='word_1_184' title='bbox 269 3495 469 3560; x_wconf 86' lang='lat' dir='ltr'><strong>eternaliter</strong></span> <span class='ocrx_word' id='word_1_185' title='bbox 490 3495 752 3578; x_wconf 66' lang='lat' dir='ltr'><strong>possidendam</strong></span> <span class='ocrx_word' id='word_1_186' title='bbox 775 3496 826 3558; x_wconf 88' lang='lat' dir='ltr'><strong>ita</strong></span> <span class='ocrx_word' id='word_1_187' title='bbox 841 3495 979 3576; x_wconf 92' lang='lat' dir='ltr'><strong>quidem</strong></span> <span class='ocrx_word' id='word_1_188' title='bbox 993 3503 1033 3559; x_wconf 92' lang='lat' dir='ltr'><strong>ut</strong></span> <span class='ocrx_word' id='word_1_189' title='bbox 1047 3498 1109 3559; x_wconf 92' lang='lat' dir='ltr'><strong>ab·</strong></span> 
     </span>
     <span class='ocr_line' id='line_1_30' title="bbox 162 3592 1109 3679; baseline 0.001 -22"><span class='ocrx_word' id='word_1_190' title='bbox 162 3592 261 3657; x_wconf 90' lang='lat' dir='ltr'><strong>bates</strong></span> <span class='ocrx_word' id='word_1_191' title='bbox 291 3595 402 3659; x_wconf 89' lang='lat' dir='ltr'><strong>sancti</strong></span> <span class='ocrx_word' id='word_1_192' title='bbox 432 3593 572 3673; x_wconf 87' lang='lat' dir='ltr'><strong>Albani,</strong></span> <span class='ocrx_word' id='word_1_193' title='bbox 603 3596 663 3679; x_wconf 91' lang='lat' dir='ltr'><strong>qui</strong></span> <span class='ocrx_word' id='word_1_194' title='bbox 693 3615 756 3677; x_wconf 92' lang='lat' dir='ltr'><strong>pro</strong></span> <span class='ocrx_word' id='word_1_195' title='bbox 787 3601 942 3675; x_wconf 88' lang='lat' dir='ltr'><strong>tempore</strong></span> <span class='ocrx_word' id='word_1_196' title='bbox 970 3593 1109 3673; x_wconf 88' lang='lat' dir='ltr'><strong>suerint,</strong></span> 
     </span>
     <span class='ocr_line' id='line_1_31' title="bbox 162 3692 1109 3777; baseline 0.006 -23"><span class='ocrx_word' id='word_1_197' title='bbox 162 3710 241 3755; x_wconf 91' lang='lat' dir='ltr'><strong>oum</strong></span> <span class='ocrx_word' id='word_1_198' title='bbox 271 3695 415 3758; x_wconf 89' lang='lat' dir='ltr'><strong>oonsilio</strong></span> <span class='ocrx_word' id='word_1_199' title='bbox 448 3695 602 3777; x_wconf 87' lang='lat' dir='ltr'><strong>ejusdem</strong></span> <span class='ocrx_word' id='word_1_200' title='bbox 634 3695 703 3760; x_wconf 90' lang='lat' dir='ltr'><strong>loci</strong></span> <span class='ocrx_word' id='word_1_201' title='bbox 733 3701 936 3770; x_wconf 89' lang='lat' dir='ltr'><strong>conventus,</strong></span> <span class='ocrx_word' id='word_1_202' title='bbox 967 3692 1109 3760; x_wconf 83' lang='lat' dir='ltr'><strong>liberam</strong></span> 
     </span>
     <span class='ocr_line' id='line_1_32' title="bbox 163 3790 1109 3877; baseline 0.003 -24"><span class='ocrx_word' id='word_1_203' title='bbox 163 3790 315 3855; x_wconf 85' lang='lat' dir='ltr'><strong>habeant</strong></span> <span class='ocrx_word' id='word_1_204' title='bbox 336 3792 594 3875; x_wconf 88' lang='lat' dir='ltr'><strong>dispositionem</strong></span> <span class='ocrx_word' id='word_1_205' title='bbox 617 3794 770 3877; x_wconf 89' lang='lat' dir='ltr'><strong>priorum</strong></span> <span class='ocrx_word' id='word_1_206' title='bbox 792 3801 828 3858; x_wconf 88' lang='lat' dir='ltr'><strong>et</strong></span> <span class='ocrx_word' id='word_1_207' title='bbox 849 3792 1109 3870; x_wconf 89' lang='lat' dir='ltr'><strong>monachorum,</strong></span> 
     </span>
     <span class='ocr_line' id='line_1_33' title="bbox 160 3891 1109 3976; baseline 0.005 -23"><span class='ocrx_word' id='word_1_208' title='bbox 160 3891 285 3954; x_wconf 89' lang='lat' dir='ltr'><strong>tamin</strong></span> <span class='ocrx_word' id='word_1_209' title='bbox 301 3891 369 3955; x_wconf 85' lang='lat' dir='ltr'><strong>illis</strong></span> <span class='ocrx_word' id='word_1_210' title='bbox 393 3894 559 3975; x_wconf 86' lang='lat' dir='ltr'><strong>ponendis</strong></span> <span class='ocrx_word' id='word_1_211' title='bbox 574 3913 678 3976; x_wconf 89' lang='lat' dir='ltr'><strong>quam</strong></span> <span class='ocrx_word' id='word_1_212' title='bbox 701 3891 930 3970; x_wconf 84' lang='lat' dir='ltr'><strong>removendis,</strong></span> <span class='ocrx_word' id='word_1_213' title='bbox 948 3893 1039 3960; x_wconf 86' lang='lat' dir='ltr'><strong>siout</strong></span> <span class='ocrx_word' id='word_1_214' title='bbox 1057 3893 1109 3958; x_wconf 88' lang='lat' dir='ltr'><strong>vi·</strong></span> 
     </span>
     <span class='ocr_line' id='line_1_34' title="bbox 159 3989 462 4073; baseline 0.01 -21"><span class='ocrx_word' id='word_1_215' title='bbox 159 3989 274 4053; x_wconf 90' lang='lat' dir='ltr'><strong>derint</strong></span> <span class='ocrx_word' id='word_1_216' title='bbox 286 3991 462 4073; x_wconf 85' lang='lat' dir='ltr'><strong>expedire.</strong></span> 
     </span>
    </p>
   </div>
   <div class='ocr_carea' id='block_1_5' title="bbox 158 4219 1109 4357">
    <p class='ocr_par' dir='ltr' id='par_1_6' title="bbox 158 4219 1109 4357">
     <span class='ocr_line' id='line_1_35' title="bbox 193 4219 1109 4289; baseline 0.004 -18"><span class='ocrx_word' id='word_1_217' title='bbox 193 4220 347 4272; x_wconf 78' lang='lat' dir='ltr'><strong>¹Ecclerirm</strong></span> <span class='ocrx_word' id='word_1_218' title='bbox 361 4223 426 4273; x_wconf 81' lang='lat' dir='ltr'><strong>beuti</strong></span> <span class='ocrx_word' id='word_1_219' title='bbox 443 4219 561 4289; x_wconf 63' lang='lat' dir='ltr'><strong>oswini]</strong></span> <span class='ocrx_word' id='word_1_220' title='bbox 585 4225 710 4288; x_wconf 83' lang='lat' dir='ltr'><strong>Compare</strong></span> <span class='ocrx_word' id='word_1_221' title='bbox 726 4226 770 4276; x_wconf 84' lang='lat' dir='ltr'><strong>the</strong></span> <span class='ocrx_word' id='word_1_222' title='bbox 786 4226 831 4276; x_wconf 81' lang='lat' dir='ltr'><strong>life</strong></span> <span class='ocrx_word' id='word_1_223' title='bbox 849 4225 878 4274; x_wconf 83' lang='lat' dir='ltr'><strong>ol</strong></span> <span class='ocrx_word' id='word_1_224' title='bbox 893 4227 970 4276; x_wconf 86' lang='lat' dir='ltr'><strong>abbot</strong></span> <span class='ocrx_word' id='word_1_225' title='bbox 990 4225 1058 4276; x_wconf 87' lang='lat' dir='ltr'><strong>Paul</strong></span> <span class='ocrx_word' id='word_1_226' title='bbox 1074 4226 1109 4288; x_wconf 78' lang='lat' dir='ltr'><strong>by</strong></span> 
     </span>
     <span class='ocr_line' id='line_1_36' title="bbox 158 4293 472 4357; baseline 0.013 -17"><span class='ocrx_word' id='word_1_227' title='bbox 158 4293 284 4343; x_wconf 85' lang='lat' dir='ltr'><strong>Mattbew</strong></span> <span class='ocrx_word' id='word_1_228' title='bbox 297 4294 381 4357; x_wconf 85' lang='lat' dir='ltr'><strong>Paris,</strong></span> <span class='ocrx_word' id='word_1_229' title='bbox 391 4309 418 4356; x_wconf 89' lang='lat' dir='ltr'><strong>p.</strong></span> <span class='ocrx_word' id='word_1_230' title='bbox 431 4299 472 4345; x_wconf 78' lang='lat' dir='ltr'><strong>tl.</strong></span> 
     </span>
    </p>
   </div>
   <div class='ocr_carea' id='block_1_6' title="bbox 0 0 1600 5202">
    <p class='ocr_par' dir='ltr' id='par_1_7' title="bbox 0 0 1600 5202">
     <span class='ocr_line' id='line_1_37' title="bbox 0 0 1600 5202; baseline 0 7"><span class='ocrx_word' id='word_1_231' title='bbox 0 0 1600 5202; x_wconf 95' lang='lat' dir='ltr'><strong> </strong></span> 
     </span>
    </p>
   </div>
  </div>
 </body>
</html>
